%YAML 1.1
%TAG !u! tag:unity3d.com,2011:
--- !u!1 &7977469224196650063
GameObject:
  m_ObjectHideFlags: 0
  m_CorrespondingSourceObject: {fileID: 0}
  m_PrefabInstance: {fileID: 0}
  m_PrefabAsset: {fileID: 0}
  serializedVersion: 6
  m_Component:
  - component: {fileID: 7980228666040721747}
  - component: {fileID: 7982622177209336159}
  - component: {fileID: 7990380746541422175}
  - component: {fileID: 7977469224196650059}
  - component: {fileID: 7977469224196650060}
  - component: {fileID: 7977469224196650061}
  - component: {fileID: 7977469224196650062}
  - component: {fileID: 6392214069972037648}
  m_Layer: 8
  m_Name: BombTower
  m_TagString: clickable
  m_Icon: {fileID: 0}
  m_NavMeshLayer: 0
  m_StaticEditorFlags: 123
  m_IsActive: 1
--- !u!4 &7980228666040721747
Transform:
  m_ObjectHideFlags: 0
  m_CorrespondingSourceObject: {fileID: 0}
  m_PrefabInstance: {fileID: 0}
  m_PrefabAsset: {fileID: 0}
  m_GameObject: {fileID: 7977469224196650063}
  m_LocalRotation: {x: 0, y: 0, z: 0, w: 1}
  m_LocalPosition: {x: 0, y: 0, z: 0}
  m_LocalScale: {x: 4.1341, y: 4.1341, z: 4.1341}
  m_Children:
  - {fileID: 8389758085356488665}
  - {fileID: 8389758086375697365}
  m_Father: {fileID: 0}
  m_RootOrder: 0
  m_LocalEulerAnglesHint: {x: 0, y: 0, z: 0}
--- !u!33 &7982622177209336159
MeshFilter:
  m_ObjectHideFlags: 0
  m_CorrespondingSourceObject: {fileID: 0}
  m_PrefabInstance: {fileID: 0}
  m_PrefabAsset: {fileID: 0}
  m_GameObject: {fileID: 7977469224196650063}
  m_Mesh: {fileID: 4300000, guid: 93856189c5d1bd149b58d0dd2076657e, type: 3}
--- !u!23 &7990380746541422175
MeshRenderer:
  m_ObjectHideFlags: 0
  m_CorrespondingSourceObject: {fileID: 0}
  m_PrefabInstance: {fileID: 0}
  m_PrefabAsset: {fileID: 0}
  m_GameObject: {fileID: 7977469224196650063}
  m_Enabled: 1
  m_CastShadows: 1
  m_ReceiveShadows: 1
  m_DynamicOccludee: 1
  m_MotionVectors: 1
  m_LightProbeUsage: 1
  m_ReflectionProbeUsage: 1
  m_RayTracingMode: 2
  m_RenderingLayerMask: 1
  m_RendererPriority: 0
  m_Materials:
  - {fileID: 2100000, guid: 4cee7a5983b187943adc589b9cb1f084, type: 2}
  m_StaticBatchInfo:
    firstSubMesh: 0
    subMeshCount: 0
  m_StaticBatchRoot: {fileID: 0}
  m_ProbeAnchor: {fileID: 0}
  m_LightProbeVolumeOverride: {fileID: 0}
  m_ScaleInLightmap: 1
  m_ReceiveGI: 1
  m_PreserveUVs: 0
  m_IgnoreNormalsForChartDetection: 0
  m_ImportantGI: 0
  m_StitchLightmapSeams: 1
  m_SelectedEditorRenderState: 3
  m_MinimumChartSize: 4
  m_AutoUVMaxDistance: 0.5
  m_AutoUVMaxAngle: 89
  m_LightmapParameters: {fileID: 0}
  m_SortingLayerID: 0
  m_SortingLayer: 0
  m_SortingOrder: 0
--- !u!136 &7977469224196650059
CapsuleCollider:
  m_ObjectHideFlags: 0
  m_CorrespondingSourceObject: {fileID: 0}
  m_PrefabInstance: {fileID: 0}
  m_PrefabAsset: {fileID: 0}
  m_GameObject: {fileID: 7977469224196650063}
  m_Material: {fileID: 0}
  m_IsTrigger: 0
  m_Enabled: 1
  m_Radius: 0.7953239
  m_Height: 2.2915208
  m_Direction: 1
  m_Center: {x: 0.00000074972587, y: 0.72883976, z: 0}
--- !u!114 &7977469224196650060
MonoBehaviour:
  m_ObjectHideFlags: 0
  m_CorrespondingSourceObject: {fileID: 0}
  m_PrefabInstance: {fileID: 0}
  m_PrefabAsset: {fileID: 0}
  m_GameObject: {fileID: 7977469224196650063}
  m_Enabled: 1
  m_EditorHideFlags: 0
  m_Script: {fileID: 11500000, guid: 0ab76021f9c1dfc44b51866a9c2ad0bc, type: 3}
  m_Name: 
  m_EditorClassIdentifier: 
  HP: 500
  type: 2
  faction: 0
--- !u!114 &7977469224196650061
MonoBehaviour:
  m_ObjectHideFlags: 0
  m_CorrespondingSourceObject: {fileID: 0}
  m_PrefabInstance: {fileID: 0}
  m_PrefabAsset: {fileID: 0}
  m_GameObject: {fileID: 7977469224196650063}
  m_Enabled: 1
  m_EditorHideFlags: 0
  m_Script: {fileID: 11500000, guid: eb13f90576ba4df4395f165b942f666f, type: 3}
  m_Name: 
  m_EditorClassIdentifier: 
  Canvas: {fileID: 0}
  template: {fileID: 0}
  assignEnergyBar: {fileID: 0}
  assignInventoryBar: {fileID: 0}
  assignHPBar: {fileID: 0}
  tempDisplay: {fileID: 0}
--- !u!114 &7977469224196650062
MonoBehaviour:
  m_ObjectHideFlags: 0
  m_CorrespondingSourceObject: {fileID: 0}
  m_PrefabInstance: {fileID: 0}
  m_PrefabAsset: {fileID: 0}
  m_GameObject: {fileID: 7977469224196650063}
  m_Enabled: 1
  m_EditorHideFlags: 0
  m_Script: {fileID: 11500000, guid: 50795f8ead36a3c4baa435abdd6f68d3, type: 3}
  m_Name: 
  m_EditorClassIdentifier: 
  ownResource: []
  infoBut: {fileID: 0}
  pipeObjects: []
  busy: 0
  counter: 0
  storedEnergy: 0
  salvaging: 0
  active: 1
  idleEnergyUsage: 1
  energyPerShot: 50
  Damage: 40
  attacksPerSecond: 0.2
  maxRange: 128
  minRange: 6
  targetAir1: 0
  targetProjectiles1: 0
  rotationPart: {fileID: 8389758085356488665}
  turnSpeed: 0.05
  angleMustMatch: 10
  projectilePrefab: {fileID: 1149751579490364, guid: 9754ad5c6f7903e4b8a96ba2f92512ce,
    type: 3}
  shootPosition: {fileID: 8389758084878344586}
  playOnShoot: {fileID: 3658921714894610688}
--- !u!114 &6392214069972037648
MonoBehaviour:
  m_ObjectHideFlags: 0
  m_CorrespondingSourceObject: {fileID: 0}
  m_PrefabInstance: {fileID: 0}
  m_PrefabAsset: {fileID: 0}
  m_GameObject: {fileID: 7977469224196650063}
  m_Enabled: 1
  m_EditorHideFlags: 0
  m_Script: {fileID: 11500000, guid: 28a1e9e443b0e4240abc20806523ca81, type: 3}
  m_Name: 
  m_EditorClassIdentifier: 
  area: 1
--- !u!1 &7977684347913282129
GameObject:
  m_ObjectHideFlags: 0
  m_CorrespondingSourceObject: {fileID: 0}
  m_PrefabInstance: {fileID: 0}
  m_PrefabAsset: {fileID: 0}
  serializedVersion: 6
  m_Component:
  - component: {fileID: 7979950401491182591}
  - component: {fileID: 7982007027939180741}
  - component: {fileID: 7989929553823034137}
  m_Layer: 0
  m_Name: SM_Prop_Turret_MissileLarge_Base_01
  m_TagString: Untagged
  m_Icon: {fileID: 0}
  m_NavMeshLayer: 0
  m_StaticEditorFlags: 0
  m_IsActive: 1
--- !u!4 &7979950401491182591
Transform:
  m_ObjectHideFlags: 0
  m_CorrespondingSourceObject: {fileID: 0}
  m_PrefabInstance: {fileID: 0}
  m_PrefabAsset: {fileID: 0}
  m_GameObject: {fileID: 7977684347913282129}
  m_LocalRotation: {x: -0.16106017, y: -0, z: -0, w: 0.9869446}
  m_LocalPosition: {x: 0, y: 0, z: 0}
  m_LocalScale: {x: 1, y: 1, z: 1}
  m_Children:
  - {fileID: 8389758084878344586}
  - {fileID: 8389758085350099357}
  m_Father: {fileID: 8389758085356488665}
  m_RootOrder: 0
  m_LocalEulerAnglesHint: {x: -18.537, y: 0, z: 0}
--- !u!33 &7982007027939180741
MeshFilter:
  m_ObjectHideFlags: 0
  m_CorrespondingSourceObject: {fileID: 0}
  m_PrefabInstance: {fileID: 0}
  m_PrefabAsset: {fileID: 0}
  m_GameObject: {fileID: 7977684347913282129}
  m_Mesh: {fileID: 4300002, guid: 93856189c5d1bd149b58d0dd2076657e, type: 3}
--- !u!23 &7989929553823034137
MeshRenderer:
  m_ObjectHideFlags: 0
  m_CorrespondingSourceObject: {fileID: 0}
  m_PrefabInstance: {fileID: 0}
  m_PrefabAsset: {fileID: 0}
  m_GameObject: {fileID: 7977684347913282129}
  m_Enabled: 1
  m_CastShadows: 1
  m_ReceiveShadows: 1
  m_DynamicOccludee: 1
  m_MotionVectors: 1
  m_LightProbeUsage: 1
  m_ReflectionProbeUsage: 1
  m_RayTracingMode: 2
  m_RenderingLayerMask: 1
  m_RendererPriority: 0
  m_Materials:
  - {fileID: 2100000, guid: 4cee7a5983b187943adc589b9cb1f084, type: 2}
  m_StaticBatchInfo:
    firstSubMesh: 0
    subMeshCount: 0
  m_StaticBatchRoot: {fileID: 0}
  m_ProbeAnchor: {fileID: 0}
  m_LightProbeVolumeOverride: {fileID: 0}
  m_ScaleInLightmap: 1
  m_ReceiveGI: 1
  m_PreserveUVs: 0
  m_IgnoreNormalsForChartDetection: 0
  m_ImportantGI: 0
  m_StitchLightmapSeams: 1
  m_SelectedEditorRenderState: 3
  m_MinimumChartSize: 4
  m_AutoUVMaxDistance: 0.5
  m_AutoUVMaxAngle: 89
  m_LightmapParameters: {fileID: 0}
  m_SortingLayerID: 0
  m_SortingLayer: 0
  m_SortingOrder: 0
--- !u!1 &8389758084878344587
GameObject:
  m_ObjectHideFlags: 0
  m_CorrespondingSourceObject: {fileID: 0}
  m_PrefabInstance: {fileID: 0}
  m_PrefabAsset: {fileID: 0}
  serializedVersion: 6
  m_Component:
  - component: {fileID: 8389758084878344586}
  m_Layer: 8
  m_Name: BarrelPos
  m_TagString: Untagged
  m_Icon: {fileID: 0}
  m_NavMeshLayer: 0
  m_StaticEditorFlags: 0
  m_IsActive: 1
--- !u!4 &8389758084878344586
Transform:
  m_ObjectHideFlags: 0
  m_CorrespondingSourceObject: {fileID: 0}
  m_PrefabInstance: {fileID: 0}
  m_PrefabAsset: {fileID: 0}
  m_GameObject: {fileID: 8389758084878344587}
  m_LocalRotation: {x: -0, y: -0, z: -0, w: 1}
  m_LocalPosition: {x: 0.015, y: 0.222, z: 1.392}
  m_LocalScale: {x: 1, y: 1, z: 1}
  m_Children:
  - {fileID: 3461708519074018124}
  m_Father: {fileID: 7979950401491182591}
  m_RootOrder: 0
  m_LocalEulerAnglesHint: {x: 0, y: 0, z: 0}
--- !u!1 &8389758085350099358
GameObject:
  m_ObjectHideFlags: 0
  m_CorrespondingSourceObject: {fileID: 0}
  m_PrefabInstance: {fileID: 0}
  m_PrefabAsset: {fileID: 0}
  serializedVersion: 6
  m_Component:
  - component: {fileID: 8389758085350099357}
  - component: {fileID: 8389758085350099356}
  m_Layer: 0
  m_Name: TargetingLine
  m_TagString: Untagged
  m_Icon: {fileID: 0}
  m_NavMeshLayer: 0
  m_StaticEditorFlags: 0
  m_IsActive: 1
--- !u!4 &8389758085350099357
Transform:
  m_ObjectHideFlags: 0
  m_CorrespondingSourceObject: {fileID: 0}
  m_PrefabInstance: {fileID: 0}
  m_PrefabAsset: {fileID: 0}
  m_GameObject: {fileID: 8389758085350099358}
  m_LocalRotation: {x: 0, y: -0.7071068, z: 0, w: 0.7071068}
  m_LocalPosition: {x: -0.472, y: 0.178, z: 0.505}
  m_LocalScale: {x: 0.106286734, y: 0.106286734, z: 0.106286734}
  m_Children: []
  m_Father: {fileID: 7979950401491182591}
  m_RootOrder: 1
  m_LocalEulerAnglesHint: {x: 0, y: -90, z: 0}
--- !u!120 &8389758085350099356
LineRenderer:
  m_ObjectHideFlags: 0
  m_CorrespondingSourceObject: {fileID: 0}
  m_PrefabInstance: {fileID: 0}
  m_PrefabAsset: {fileID: 0}
  m_GameObject: {fileID: 8389758085350099358}
  m_Enabled: 1
  m_CastShadows: 0
  m_ReceiveShadows: 0
  m_DynamicOccludee: 0
  m_MotionVectors: 0
  m_LightProbeUsage: 0
  m_ReflectionProbeUsage: 0
  m_RayTracingMode: 0
  m_RenderingLayerMask: 4294967295
  m_RendererPriority: 0
  m_Materials:
  - {fileID: 2100000, guid: d4377ae02b56bcc468d9d73912c113b3, type: 2}
  m_StaticBatchInfo:
    firstSubMesh: 0
    subMeshCount: 0
  m_StaticBatchRoot: {fileID: 0}
  m_ProbeAnchor: {fileID: 0}
  m_LightProbeVolumeOverride: {fileID: 0}
  m_ScaleInLightmap: 1
  m_ReceiveGI: 1
  m_PreserveUVs: 0
  m_IgnoreNormalsForChartDetection: 0
  m_ImportantGI: 0
  m_StitchLightmapSeams: 0
  m_SelectedEditorRenderState: 3
  m_MinimumChartSize: 4
  m_AutoUVMaxDistance: 0.5
  m_AutoUVMaxAngle: 89
  m_LightmapParameters: {fileID: 0}
  m_SortingLayerID: 0
  m_SortingLayer: 0
  m_SortingOrder: 0
  m_Positions:
  - {x: 0, y: 0, z: 0}
  - {x: 75, y: 0, z: 0}
  m_Parameters:
    serializedVersion: 3
    widthMultiplier: 0.1
    widthCurve:
      serializedVersion: 2
      m_Curve:
      - serializedVersion: 3
        time: 0
        value: 1
        inSlope: 0
        outSlope: 0
        tangentMode: 0
        weightedMode: 0
        inWeight: 0.33333334
        outWeight: 0.33333334
      m_PreInfinity: 2
      m_PostInfinity: 2
      m_RotationOrder: 4
    colorGradient:
      serializedVersion: 2
      key0: {r: 1, g: 0, b: 0.0082035065, a: 1}
      key1: {r: 1, g: 0, b: 0.0082035065, a: 0.8784314}
      key2: {r: 0, g: 0, b: 0, a: 0}
      key3: {r: 0, g: 0, b: 0, a: 0}
      key4: {r: 0, g: 0, b: 0, a: 0}
      key5: {r: 0, g: 0, b: 0, a: 0}
      key6: {r: 0, g: 0, b: 0, a: 0}
      key7: {r: 0, g: 0, b: 0, a: 0}
      ctime0: 0
      ctime1: 65535
      ctime2: 0
      ctime3: 0
      ctime4: 0
      ctime5: 0
      ctime6: 0
      ctime7: 0
      atime0: 0
      atime1: 50308
      atime2: 65535
      atime3: 0
      atime4: 0
      atime5: 0
      atime6: 0
      atime7: 0
      m_Mode: 0
      m_NumColorKeys: 2
      m_NumAlphaKeys: 3
    numCornerVertices: 0
    numCapVertices: 0
    alignment: 0
    textureMode: 0
    shadowBias: 0
    generateLightingData: 0
  m_UseWorldSpace: 0
  m_Loop: 0
--- !u!1 &8389758085356488666
GameObject:
  m_ObjectHideFlags: 0
  m_CorrespondingSourceObject: {fileID: 0}
  m_PrefabInstance: {fileID: 0}
  m_PrefabAsset: {fileID: 0}
  serializedVersion: 6
  m_Component:
  - component: {fileID: 8389758085356488665}
  m_Layer: 8
  m_Name: TurretPivot
  m_TagString: Untagged
  m_Icon: {fileID: 0}
  m_NavMeshLayer: 0
  m_StaticEditorFlags: 0
  m_IsActive: 1
--- !u!4 &8389758085356488665
Transform:
  m_ObjectHideFlags: 0
  m_CorrespondingSourceObject: {fileID: 0}
  m_PrefabInstance: {fileID: 0}
  m_PrefabAsset: {fileID: 0}
  m_GameObject: {fileID: 8389758085356488666}
  m_LocalRotation: {x: -0, y: -0, z: -0, w: 1}
  m_LocalPosition: {x: 0, y: 1.0716494, z: -0.18729119}
  m_LocalScale: {x: 1, y: 1, z: 1}
  m_Children:
  - {fileID: 7979950401491182591}
  m_Father: {fileID: 7980228666040721747}
  m_RootOrder: 0
  m_LocalEulerAnglesHint: {x: 0, y: 0, z: 0}
--- !u!1 &8389758086375697366
GameObject:
  m_ObjectHideFlags: 0
  m_CorrespondingSourceObject: {fileID: 0}
  m_PrefabInstance: {fileID: 0}
  m_PrefabAsset: {fileID: 0}
  serializedVersion: 6
  m_Component:
  - component: {fileID: 8389758086375697365}
  m_Layer: 8
  m_Name: ConnectionBegin
  m_TagString: Untagged
  m_Icon: {fileID: 0}
  m_NavMeshLayer: 0
  m_StaticEditorFlags: 123
  m_IsActive: 1
--- !u!4 &8389758086375697365
Transform:
  m_ObjectHideFlags: 0
  m_CorrespondingSourceObject: {fileID: 0}
  m_PrefabInstance: {fileID: 0}
  m_PrefabAsset: {fileID: 0}
  m_GameObject: {fileID: 8389758086375697366}
  m_LocalRotation: {x: 0, y: 0, z: 0, w: 1}
  m_LocalPosition: {x: 0, y: 0.11, z: 0}
  m_LocalScale: {x: 1, y: 1, z: 1}
  m_Children: []
  m_Father: {fileID: 7980228666040721747}
  m_RootOrder: 1
  m_LocalEulerAnglesHint: {x: 0, y: 0, z: 0}
--- !u!1001 &4017818308617821076
PrefabInstance:
  m_ObjectHideFlags: 0
  serializedVersion: 2
  m_Modification:
    m_TransformParent: {fileID: 8389758084878344586}
    m_Modifications:
    - target: {fileID: 558551047239183848, guid: c889ab20975169d418ec0acc4fe1cc6f,
        type: 3}
      propertyPath: m_Name
      value: OnShoot
      objectReference: {fileID: 0}
    - target: {fileID: 560801474454513880, guid: c889ab20975169d418ec0acc4fe1cc6f,
        type: 3}
      propertyPath: m_LocalPosition.x
      value: 0
      objectReference: {fileID: 0}
    - target: {fileID: 560801474454513880, guid: c889ab20975169d418ec0acc4fe1cc6f,
        type: 3}
      propertyPath: m_LocalPosition.y
      value: 0
      objectReference: {fileID: 0}
    - target: {fileID: 560801474454513880, guid: c889ab20975169d418ec0acc4fe1cc6f,
        type: 3}
      propertyPath: m_LocalPosition.z
      value: -0.142
      objectReference: {fileID: 0}
    - target: {fileID: 560801474454513880, guid: c889ab20975169d418ec0acc4fe1cc6f,
        type: 3}
      propertyPath: m_LocalRotation.x
      value: -0.000000059604638
      objectReference: {fileID: 0}
    - target: {fileID: 560801474454513880, guid: c889ab20975169d418ec0acc4fe1cc6f,
        type: 3}
      propertyPath: m_LocalRotation.y
      value: -0
      objectReference: {fileID: 0}
    - target: {fileID: 560801474454513880, guid: c889ab20975169d418ec0acc4fe1cc6f,
        type: 3}
      propertyPath: m_LocalRotation.z
      value: -0
      objectReference: {fileID: 0}
    - target: {fileID: 560801474454513880, guid: c889ab20975169d418ec0acc4fe1cc6f,
        type: 3}
      propertyPath: m_LocalRotation.w
      value: 1
      objectReference: {fileID: 0}
    - target: {fileID: 560801474454513880, guid: c889ab20975169d418ec0acc4fe1cc6f,
        type: 3}
      propertyPath: m_RootOrder
      value: 0
      objectReference: {fileID: 0}
    - target: {fileID: 560801474454513880, guid: c889ab20975169d418ec0acc4fe1cc6f,
        type: 3}
      propertyPath: m_LocalEulerAnglesHint.x
      value: 0
      objectReference: {fileID: 0}
    - target: {fileID: 560801474454513880, guid: c889ab20975169d418ec0acc4fe1cc6f,
        type: 3}
      propertyPath: m_LocalEulerAnglesHint.y
      value: 0
      objectReference: {fileID: 0}
    - target: {fileID: 560801474454513880, guid: c889ab20975169d418ec0acc4fe1cc6f,
        type: 3}
      propertyPath: m_LocalEulerAnglesHint.z
      value: 0
      objectReference: {fileID: 0}
    m_RemovedComponents: []
  m_SourcePrefab: {fileID: 100100000, guid: c889ab20975169d418ec0acc4fe1cc6f, type: 3}
--- !u!4 &3461708519074018124 stripped
Transform:
  m_CorrespondingSourceObject: {fileID: 560801474454513880, guid: c889ab20975169d418ec0acc4fe1cc6f,
    type: 3}
  m_PrefabInstance: {fileID: 4017818308617821076}
  m_PrefabAsset: {fileID: 0}
--- !u!198 &3658921714894610688 stripped
ParticleSystem:
  m_CorrespondingSourceObject: {fileID: 361749904386194068, guid: c889ab20975169d418ec0acc4fe1cc6f,
    type: 3}
  m_PrefabInstance: {fileID: 4017818308617821076}
  m_PrefabAsset: {fileID: 0}
