%YAML 1.1
%TAG !u! tag:unity3d.com,2011:
--- !u!1 &755696237631144950
GameObject:
  m_ObjectHideFlags: 0
  m_CorrespondingSourceObject: {fileID: 0}
  m_PrefabInstance: {fileID: 0}
  m_PrefabAsset: {fileID: 0}
  serializedVersion: 6
  m_Component:
  - component: {fileID: 3445084646686232457}
  m_Layer: 0
  m_Name: GameObject (4)
  m_TagString: Untagged
  m_Icon: {fileID: 0}
  m_NavMeshLayer: 0
  m_StaticEditorFlags: 0
  m_IsActive: 1
--- !u!4 &3445084646686232457
Transform:
  m_ObjectHideFlags: 0
  m_CorrespondingSourceObject: {fileID: 0}
  m_PrefabInstance: {fileID: 0}
  m_PrefabAsset: {fileID: 0}
  m_GameObject: {fileID: 755696237631144950}
  m_LocalRotation: {x: 0, y: 0, z: 0, w: 1}
  m_LocalPosition: {x: -0.28, y: 0.073, z: 0.315}
  m_LocalScale: {x: 1, y: 1, z: 1}
  m_Children: []
  m_Father: {fileID: 5237327676022661483}
  m_RootOrder: 5
  m_LocalEulerAnglesHint: {x: 0, y: 0, z: 0}
--- !u!1 &4633260305083420250
GameObject:
  m_ObjectHideFlags: 0
  m_CorrespondingSourceObject: {fileID: 0}
  m_PrefabInstance: {fileID: 0}
  m_PrefabAsset: {fileID: 0}
  serializedVersion: 6
  m_Component:
  - component: {fileID: 6747305941063110852}
  m_Layer: 0
  m_Name: GameObject (5)
  m_TagString: Untagged
  m_Icon: {fileID: 0}
  m_NavMeshLayer: 0
  m_StaticEditorFlags: 0
  m_IsActive: 1
--- !u!4 &6747305941063110852
Transform:
  m_ObjectHideFlags: 0
  m_CorrespondingSourceObject: {fileID: 0}
  m_PrefabInstance: {fileID: 0}
  m_PrefabAsset: {fileID: 0}
  m_GameObject: {fileID: 4633260305083420250}
  m_LocalRotation: {x: 0, y: 0, z: 0, w: 1}
  m_LocalPosition: {x: -0.28, y: -0.095, z: 0.315}
  m_LocalScale: {x: 1, y: 1, z: 1}
  m_Children: []
  m_Father: {fileID: 5237327676022661483}
  m_RootOrder: 6
  m_LocalEulerAnglesHint: {x: 0, y: 0, z: 0}
--- !u!1 &8076671116773779869
GameObject:
  m_ObjectHideFlags: 0
  m_CorrespondingSourceObject: {fileID: 0}
  m_PrefabInstance: {fileID: 0}
  m_PrefabAsset: {fileID: 0}
  serializedVersion: 6
  m_Component:
  - component: {fileID: 8785549783940079748}
  m_Layer: 0
  m_Name: GameObject (3)
  m_TagString: Untagged
  m_Icon: {fileID: 0}
  m_NavMeshLayer: 0
  m_StaticEditorFlags: 0
  m_IsActive: 1
--- !u!4 &8785549783940079748
Transform:
  m_ObjectHideFlags: 0
  m_CorrespondingSourceObject: {fileID: 0}
  m_PrefabInstance: {fileID: 0}
  m_PrefabAsset: {fileID: 0}
  m_GameObject: {fileID: 8076671116773779869}
  m_LocalRotation: {x: 0, y: 0, z: 0, w: 1}
  m_LocalPosition: {x: 0.253, y: -0.086, z: 0.315}
  m_LocalScale: {x: 1, y: 1, z: 1}
  m_Children: []
  m_Father: {fileID: 5237327676022661483}
  m_RootOrder: 4
  m_LocalEulerAnglesHint: {x: 0, y: 0, z: 0}
--- !u!1001 &105784634024380255
PrefabInstance:
  m_ObjectHideFlags: 0
  serializedVersion: 2
  m_Modification:
    m_TransformParent: {fileID: 5237261694914293013}
    m_Modifications:
    - target: {fileID: 1732268021412706, guid: 0cfd76e2287f15746b69cbbe7ee7bf35, type: 3}
      propertyPath: m_Name
      value: SM_Prop_Light_Small_06
      objectReference: {fileID: 0}
    - target: {fileID: 4857103117145618, guid: 0cfd76e2287f15746b69cbbe7ee7bf35, type: 3}
      propertyPath: m_LocalPosition.x
      value: 0
      objectReference: {fileID: 0}
    - target: {fileID: 4857103117145618, guid: 0cfd76e2287f15746b69cbbe7ee7bf35, type: 3}
      propertyPath: m_LocalPosition.y
      value: 0.378
      objectReference: {fileID: 0}
    - target: {fileID: 4857103117145618, guid: 0cfd76e2287f15746b69cbbe7ee7bf35, type: 3}
      propertyPath: m_LocalPosition.z
      value: 0.029
      objectReference: {fileID: 0}
    - target: {fileID: 4857103117145618, guid: 0cfd76e2287f15746b69cbbe7ee7bf35, type: 3}
      propertyPath: m_LocalRotation.x
      value: 0
      objectReference: {fileID: 0}
    - target: {fileID: 4857103117145618, guid: 0cfd76e2287f15746b69cbbe7ee7bf35, type: 3}
      propertyPath: m_LocalRotation.y
      value: -0
      objectReference: {fileID: 0}
    - target: {fileID: 4857103117145618, guid: 0cfd76e2287f15746b69cbbe7ee7bf35, type: 3}
      propertyPath: m_LocalRotation.z
      value: -0
      objectReference: {fileID: 0}
    - target: {fileID: 4857103117145618, guid: 0cfd76e2287f15746b69cbbe7ee7bf35, type: 3}
      propertyPath: m_LocalRotation.w
      value: 1
      objectReference: {fileID: 0}
    - target: {fileID: 4857103117145618, guid: 0cfd76e2287f15746b69cbbe7ee7bf35, type: 3}
      propertyPath: m_RootOrder
      value: 2
      objectReference: {fileID: 0}
    - target: {fileID: 4857103117145618, guid: 0cfd76e2287f15746b69cbbe7ee7bf35, type: 3}
      propertyPath: m_LocalEulerAnglesHint.x
      value: 0
      objectReference: {fileID: 0}
    - target: {fileID: 4857103117145618, guid: 0cfd76e2287f15746b69cbbe7ee7bf35, type: 3}
      propertyPath: m_LocalEulerAnglesHint.y
      value: 0
      objectReference: {fileID: 0}
    - target: {fileID: 4857103117145618, guid: 0cfd76e2287f15746b69cbbe7ee7bf35, type: 3}
      propertyPath: m_LocalEulerAnglesHint.z
      value: 0
      objectReference: {fileID: 0}
    - target: {fileID: 4857103117145618, guid: 0cfd76e2287f15746b69cbbe7ee7bf35, type: 3}
      propertyPath: m_LocalScale.z
      value: 0.8541491
      objectReference: {fileID: 0}
    m_RemovedComponents:
    - {fileID: 64000765868608938, guid: 0cfd76e2287f15746b69cbbe7ee7bf35, type: 3}
  m_SourcePrefab: {fileID: 100100000, guid: 0cfd76e2287f15746b69cbbe7ee7bf35, type: 3}
--- !u!1001 &2090991944928615662
PrefabInstance:
  m_ObjectHideFlags: 0
  serializedVersion: 2
  m_Modification:
    m_TransformParent: {fileID: 0}
    m_Modifications:
    - target: {fileID: 6171378033173055073, guid: 155b5dbd305c4b3418ce216836cd6fae,
        type: 3}
      propertyPath: faction
      value: 0
      objectReference: {fileID: 0}
    - target: {fileID: 6171378033173055073, guid: 155b5dbd305c4b3418ce216836cd6fae,
        type: 3}
      propertyPath: HP
      value: 1000
      objectReference: {fileID: 0}
    - target: {fileID: 6171378033173055075, guid: 155b5dbd305c4b3418ce216836cd6fae,
        type: 3}
      propertyPath: emitPos.Array.size
      value: 6
      objectReference: {fileID: 0}
    - target: {fileID: 6171378033173055075, guid: 155b5dbd305c4b3418ce216836cd6fae,
        type: 3}
      propertyPath: emitPos.Array.data[3]
      value: 
      objectReference: {fileID: 8785549783940079748}
    - target: {fileID: 6171378033173055075, guid: 155b5dbd305c4b3418ce216836cd6fae,
        type: 3}
      propertyPath: emitPos.Array.data[4]
      value: 
      objectReference: {fileID: 3445084646686232457}
    - target: {fileID: 6171378033173055075, guid: 155b5dbd305c4b3418ce216836cd6fae,
        type: 3}
      propertyPath: emitPos.Array.data[5]
      value: 
      objectReference: {fileID: 6747305941063110852}
    - target: {fileID: 6171378033173055075, guid: 155b5dbd305c4b3418ce216836cd6fae,
        type: 3}
      propertyPath: maxRange
      value: 60
      objectReference: {fileID: 0}
    - target: {fileID: 6171378033173055075, guid: 155b5dbd305c4b3418ce216836cd6fae,
        type: 3}
      propertyPath: Damage
      value: 12
      objectReference: {fileID: 0}
    - target: {fileID: 6171378033173055075, guid: 155b5dbd305c4b3418ce216836cd6fae,
        type: 3}
      propertyPath: energyPerShot
      value: 30
      objectReference: {fileID: 0}
    - target: {fileID: 6171378033173055075, guid: 155b5dbd305c4b3418ce216836cd6fae,
        type: 3}
      propertyPath: turnSpeed
      value: 0.15
      objectReference: {fileID: 0}
    - target: {fileID: 6171891085094941727, guid: 155b5dbd305c4b3418ce216836cd6fae,
        type: 3}
      propertyPath: m_Name
      value: MissileTurretAdv
      objectReference: {fileID: 0}
    - target: {fileID: 6173011238514328837, guid: 155b5dbd305c4b3418ce216836cd6fae,
        type: 3}
      propertyPath: m_LocalPosition.x
      value: 0
      objectReference: {fileID: 0}
    - target: {fileID: 6173011238514328837, guid: 155b5dbd305c4b3418ce216836cd6fae,
        type: 3}
      propertyPath: m_LocalPosition.y
      value: 0
      objectReference: {fileID: 0}
    - target: {fileID: 6173011238514328837, guid: 155b5dbd305c4b3418ce216836cd6fae,
        type: 3}
      propertyPath: m_LocalPosition.z
      value: 0
      objectReference: {fileID: 0}
    - target: {fileID: 6173011238514328837, guid: 155b5dbd305c4b3418ce216836cd6fae,
        type: 3}
      propertyPath: m_LocalRotation.x
      value: 0
      objectReference: {fileID: 0}
    - target: {fileID: 6173011238514328837, guid: 155b5dbd305c4b3418ce216836cd6fae,
        type: 3}
      propertyPath: m_LocalRotation.y
      value: 0
      objectReference: {fileID: 0}
    - target: {fileID: 6173011238514328837, guid: 155b5dbd305c4b3418ce216836cd6fae,
        type: 3}
      propertyPath: m_LocalRotation.z
      value: 0
      objectReference: {fileID: 0}
    - target: {fileID: 6173011238514328837, guid: 155b5dbd305c4b3418ce216836cd6fae,
        type: 3}
      propertyPath: m_LocalRotation.w
      value: 1
      objectReference: {fileID: 0}
    - target: {fileID: 6173011238514328837, guid: 155b5dbd305c4b3418ce216836cd6fae,
        type: 3}
      propertyPath: m_RootOrder
      value: 0
      objectReference: {fileID: 0}
    - target: {fileID: 6173011238514328837, guid: 155b5dbd305c4b3418ce216836cd6fae,
        type: 3}
      propertyPath: m_LocalEulerAnglesHint.x
      value: 0
      objectReference: {fileID: 0}
    - target: {fileID: 6173011238514328837, guid: 155b5dbd305c4b3418ce216836cd6fae,
        type: 3}
      propertyPath: m_LocalEulerAnglesHint.y
      value: 0
      objectReference: {fileID: 0}
    - target: {fileID: 6173011238514328837, guid: 155b5dbd305c4b3418ce216836cd6fae,
        type: 3}
      propertyPath: m_LocalEulerAnglesHint.z
      value: 0
      objectReference: {fileID: 0}
    - target: {fileID: 6183590018818320373, guid: 155b5dbd305c4b3418ce216836cd6fae,
        type: 3}
      propertyPath: m_Mesh
      value: 
      objectReference: {fileID: 4300004, guid: 29ecd2c41eb86e64f915234b90c72ddc, type: 3}
    - target: {fileID: 6184009388117568005, guid: 155b5dbd305c4b3418ce216836cd6fae,
        type: 3}
      propertyPath: m_Mesh
      value: 
      objectReference: {fileID: 4300002, guid: 29ecd2c41eb86e64f915234b90c72ddc, type: 3}
    - target: {fileID: 6630658561554592169, guid: 155b5dbd305c4b3418ce216836cd6fae,
        type: 3}
      propertyPath: m_LocalPosition.x
      value: 0.108
      objectReference: {fileID: 0}
    - target: {fileID: 6630658561787641565, guid: 155b5dbd305c4b3418ce216836cd6fae,
        type: 3}
      propertyPath: m_LocalPosition.x
      value: 0.242
      objectReference: {fileID: 0}
    - target: {fileID: 6630658561787641565, guid: 155b5dbd305c4b3418ce216836cd6fae,
        type: 3}
      propertyPath: m_LocalPosition.y
      value: 0.077
      objectReference: {fileID: 0}
    - target: {fileID: 6630658562431787033, guid: 155b5dbd305c4b3418ce216836cd6fae,
        type: 3}
      propertyPath: m_LocalPosition.x
      value: -0.116
      objectReference: {fileID: 0}
    - target: {fileID: 6828929400627180195, guid: 155b5dbd305c4b3418ce216836cd6fae,
        type: 3}
      propertyPath: ColorModule.gradient.maxGradient.key0.g
      value: 0.90592486
      objectReference: {fileID: 0}
    - target: {fileID: 6828929400627180195, guid: 155b5dbd305c4b3418ce216836cd6fae,
        type: 3}
      propertyPath: ColorModule.gradient.maxGradient.key1.g
      value: 0.90592486
      objectReference: {fileID: 0}
    - target: {fileID: 6828929400627180195, guid: 155b5dbd305c4b3418ce216836cd6fae,
        type: 3}
      propertyPath: TrailModule.colorOverTrail.maxGradient.key0.r
      value: 0.8088759
      objectReference: {fileID: 0}
    - target: {fileID: 6828929400627180195, guid: 155b5dbd305c4b3418ce216836cd6fae,
        type: 3}
      propertyPath: TrailModule.colorOverTrail.maxGradient.key0.g
      value: 1
      objectReference: {fileID: 0}
    - target: {fileID: 6828929400627180195, guid: 155b5dbd305c4b3418ce216836cd6fae,
        type: 3}
      propertyPath: TrailModule.colorOverTrail.maxGradient.key0.b
      value: 0
      objectReference: {fileID: 0}
    - target: {fileID: 6828929400627180195, guid: 155b5dbd305c4b3418ce216836cd6fae,
        type: 3}
      propertyPath: TrailModule.colorOverTrail.maxGradient.key1.r
      value: 0.8088759
      objectReference: {fileID: 0}
    - target: {fileID: 6828929400627180195, guid: 155b5dbd305c4b3418ce216836cd6fae,
        type: 3}
      propertyPath: TrailModule.colorOverTrail.maxGradient.key1.g
      value: 1
      objectReference: {fileID: 0}
    - target: {fileID: 6828929400627180195, guid: 155b5dbd305c4b3418ce216836cd6fae,
        type: 3}
      propertyPath: TrailModule.colorOverTrail.maxGradient.key1.b
      value: 0
      objectReference: {fileID: 0}
    m_RemovedComponents: []
  m_SourcePrefab: {fileID: 100100000, guid: 155b5dbd305c4b3418ce216836cd6fae, type: 3}
--- !u!4 &5237261694914293013 stripped
Transform:
  m_CorrespondingSourceObject: {fileID: 6172974778778661371, guid: 155b5dbd305c4b3418ce216836cd6fae,
    type: 3}
  m_PrefabInstance: {fileID: 2090991944928615662}
  m_PrefabAsset: {fileID: 0}
--- !u!4 &5237327676022661483 stripped
Transform:
  m_CorrespondingSourceObject: {fileID: 6172759286235233669, guid: 155b5dbd305c4b3418ce216836cd6fae,
    type: 3}
  m_PrefabInstance: {fileID: 2090991944928615662}
  m_PrefabAsset: {fileID: 0}
--- !u!1001 &5096954495695827338
PrefabInstance:
  m_ObjectHideFlags: 0
  serializedVersion: 2
  m_Modification:
    m_TransformParent: {fileID: 5237261694914293013}
    m_Modifications:
    - target: {fileID: 1636819357521830, guid: 8864b6ce8732cf04ebf28a80a38455d4, type: 3}
      propertyPath: m_Name
      value: SM_Prop_Radar_Panel_02
      objectReference: {fileID: 0}
    - target: {fileID: 4450052533720866, guid: 8864b6ce8732cf04ebf28a80a38455d4, type: 3}
      propertyPath: m_LocalPosition.x
      value: -0
      objectReference: {fileID: 0}
    - target: {fileID: 4450052533720866, guid: 8864b6ce8732cf04ebf28a80a38455d4, type: 3}
      propertyPath: m_LocalPosition.y
      value: 0.35
      objectReference: {fileID: 0}
    - target: {fileID: 4450052533720866, guid: 8864b6ce8732cf04ebf28a80a38455d4, type: 3}
      propertyPath: m_LocalPosition.z
      value: -0.598
      objectReference: {fileID: 0}
    - target: {fileID: 4450052533720866, guid: 8864b6ce8732cf04ebf28a80a38455d4, type: 3}
      propertyPath: m_LocalRotation.x
      value: -0.41716358
      objectReference: {fileID: 0}
    - target: {fileID: 4450052533720866, guid: 8864b6ce8732cf04ebf28a80a38455d4, type: 3}
      propertyPath: m_LocalRotation.y
      value: 0.0000000018626451
      objectReference: {fileID: 0}
    - target: {fileID: 4450052533720866, guid: 8864b6ce8732cf04ebf28a80a38455d4, type: 3}
      propertyPath: m_LocalRotation.z
      value: 9.313226e-10
      objectReference: {fileID: 0}
    - target: {fileID: 4450052533720866, guid: 8864b6ce8732cf04ebf28a80a38455d4, type: 3}
      propertyPath: m_LocalRotation.w
      value: 0.9088314
      objectReference: {fileID: 0}
    - target: {fileID: 4450052533720866, guid: 8864b6ce8732cf04ebf28a80a38455d4, type: 3}
      propertyPath: m_RootOrder
      value: 3
      objectReference: {fileID: 0}
    - target: {fileID: 4450052533720866, guid: 8864b6ce8732cf04ebf28a80a38455d4, type: 3}
      propertyPath: m_LocalEulerAnglesHint.x
      value: -49.311
      objectReference: {fileID: 0}
    - target: {fileID: 4450052533720866, guid: 8864b6ce8732cf04ebf28a80a38455d4, type: 3}
      propertyPath: m_LocalEulerAnglesHint.y
      value: 0
      objectReference: {fileID: 0}
    - target: {fileID: 4450052533720866, guid: 8864b6ce8732cf04ebf28a80a38455d4, type: 3}
      propertyPath: m_LocalEulerAnglesHint.z
      value: 0
      objectReference: {fileID: 0}
    - target: {fileID: 4450052533720866, guid: 8864b6ce8732cf04ebf28a80a38455d4, type: 3}
      propertyPath: m_LocalScale.x
      value: 0.5933
      objectReference: {fileID: 0}
    - target: {fileID: 4450052533720866, guid: 8864b6ce8732cf04ebf28a80a38455d4, type: 3}
      propertyPath: m_LocalScale.y
      value: 0.5933
      objectReference: {fileID: 0}
    - target: {fileID: 4450052533720866, guid: 8864b6ce8732cf04ebf28a80a38455d4, type: 3}
      propertyPath: m_LocalScale.z
      value: 0.5933
      objectReference: {fileID: 0}
    m_RemovedComponents:
    - {fileID: 64508347613939610, guid: 8864b6ce8732cf04ebf28a80a38455d4, type: 3}
  m_SourcePrefab: {fileID: 100100000, guid: 8864b6ce8732cf04ebf28a80a38455d4, type: 3}
