%YAML 1.1
%TAG !u! tag:unity3d.com,2011:
--- !u!1 &1886284784832728
GameObject:
  m_ObjectHideFlags: 0
  m_CorrespondingSourceObject: {fileID: 0}
  m_PrefabInstance: {fileID: 0}
  m_PrefabAsset: {fileID: 0}
  serializedVersion: 6
  m_Component:
  - component: {fileID: 4960351259532288}
  - component: {fileID: 95285770606277420}
  - component: {fileID: 114500991755684866}
  - component: {fileID: 136788536102928366}
  - component: {fileID: 143583886569088932}
  - component: {fileID: 195690881535784532}
  - component: {fileID: 114810205207217876}
  - component: {fileID: 3942145792073152852}
  m_Layer: 0
  m_Name: Marine
  m_TagString: Untagged
  m_Icon: {fileID: 0}
  m_NavMeshLayer: 0
  m_StaticEditorFlags: 0
  m_IsActive: 1
--- !u!4 &4960351259532288
Transform:
  m_ObjectHideFlags: 0
  m_CorrespondingSourceObject: {fileID: 0}
  m_PrefabInstance: {fileID: 0}
  m_PrefabAsset: {fileID: 0}
  m_GameObject: {fileID: 1886284784832728}
  m_LocalRotation: {x: -0, y: -0, z: -0, w: 1}
  m_LocalPosition: {x: 0, y: 0, z: 0}
  m_LocalScale: {x: 1, y: 1, z: 1}
  m_Children:
  - {fileID: 6654335560590815042}
  - {fileID: 5997381640317148082}
  - {fileID: 1226124894855107081}
  - {fileID: 3807049650206893740}
  m_Father: {fileID: 0}
  m_RootOrder: 0
  m_LocalEulerAnglesHint: {x: 0, y: 0, z: 0}
--- !u!95 &95285770606277420
Animator:
  serializedVersion: 3
  m_ObjectHideFlags: 0
  m_CorrespondingSourceObject: {fileID: 0}
  m_PrefabInstance: {fileID: 0}
  m_PrefabAsset: {fileID: 0}
  m_GameObject: {fileID: 1886284784832728}
  m_Enabled: 1
  m_Avatar: {fileID: 9000000, guid: c8c20564eb982f84a96a0d4d8e357cc5, type: 3}
  m_Controller: {fileID: 9100000, guid: 5f3a73a900153aa4fb23e10609cce0ff, type: 2}
  m_CullingMode: 1
  m_UpdateMode: 0
  m_ApplyRootMotion: 0
  m_LinearVelocityBlending: 0
  m_WarningMessage: 
  m_HasTransformHierarchy: 1
  m_AllowConstantClipSamplingOptimization: 1
  m_KeepAnimatorControllerStateOnDisable: 0
--- !u!114 &114500991755684866
MonoBehaviour:
  m_ObjectHideFlags: 0
  m_CorrespondingSourceObject: {fileID: 0}
  m_PrefabInstance: {fileID: 0}
  m_PrefabAsset: {fileID: 0}
  m_GameObject: {fileID: 1886284784832728}
  m_Enabled: 1
  m_EditorHideFlags: 0
  m_Script: {fileID: 11500000, guid: 0ab76021f9c1dfc44b51866a9c2ad0bc, type: 3}
  m_Name: 
  m_EditorClassIdentifier: 
  HP: 100
  type: 2
  faction: 0
  unregistered: 0
  foundFlags: 0
--- !u!136 &136788536102928366
CapsuleCollider:
  m_ObjectHideFlags: 0
  m_CorrespondingSourceObject: {fileID: 0}
  m_PrefabInstance: {fileID: 0}
  m_PrefabAsset: {fileID: 0}
  m_GameObject: {fileID: 1886284784832728}
  m_Material: {fileID: 0}
  m_IsTrigger: 0
  m_Enabled: 1
  m_Radius: 0.5
  m_Height: 2.125431
  m_Direction: 1
  m_Center: {x: 0, y: 0.90203667, z: 0}
--- !u!143 &143583886569088932
CharacterController:
  m_ObjectHideFlags: 0
  m_CorrespondingSourceObject: {fileID: 0}
  m_PrefabInstance: {fileID: 0}
  m_PrefabAsset: {fileID: 0}
  m_GameObject: {fileID: 1886284784832728}
  m_Material: {fileID: 0}
  m_IsTrigger: 0
  m_Enabled: 1
  serializedVersion: 2
  m_Height: 2
  m_Radius: 0.5
  m_SlopeLimit: 45
  m_StepOffset: 0.3
  m_SkinWidth: 0.08
  m_MinMoveDistance: 0.001
  m_Center: {x: 0, y: 1, z: 0}
--- !u!195 &195690881535784532
NavMeshAgent:
  m_ObjectHideFlags: 0
  m_CorrespondingSourceObject: {fileID: 0}
  m_PrefabInstance: {fileID: 0}
  m_PrefabAsset: {fileID: 0}
  m_GameObject: {fileID: 1886284784832728}
  m_Enabled: 1
  m_AgentTypeID: 0
  m_Radius: 0.6
  m_Speed: 4
  m_Acceleration: 15
  avoidancePriority: 50
  m_AngularSpeed: 2160
  m_StoppingDistance: 0.1
  m_AutoTraverseOffMeshLink: 1
  m_AutoBraking: 1
  m_AutoRepath: 1
  m_Height: 2
  m_BaseOffset: -0.1
  m_WalkableMask: 53
  m_ObstacleAvoidanceType: 2
--- !u!114 &114810205207217876
MonoBehaviour:
  m_ObjectHideFlags: 0
  m_CorrespondingSourceObject: {fileID: 0}
  m_PrefabInstance: {fileID: 0}
  m_PrefabAsset: {fileID: 0}
  m_GameObject: {fileID: 1886284784832728}
  m_Enabled: 1
  m_EditorHideFlags: 0
  m_Script: {fileID: 11500000, guid: b2d05810c06f65644ae870045fec2478, type: 3}
  m_Name: 
  m_EditorClassIdentifier: 
  activeEnemy: {fileID: 0}
  activeMode: 5
  maxRange: 20
  minRange: 2
  scanRange: 32
  optimalRange: 0.7
  targetProjectiles: 0
  targetAir: 1
  positionTarget: {x: 0, y: 0, z: 0}
  lockState: 0
  maxSpeed: 6
  forwardSpeed: 4
  backwardSpeed: 2
  damage: 2
  lineRenderer: {fileID: 3311275958286997161}
--- !u!205 &3942145792073152852
LODGroup:
  m_ObjectHideFlags: 0
  m_CorrespondingSourceObject: {fileID: 0}
  m_PrefabInstance: {fileID: 0}
  m_PrefabAsset: {fileID: 0}
  m_GameObject: {fileID: 1886284784832728}
  serializedVersion: 2
  m_LocalReferencePoint: {x: -1.3528614, y: 0.82423186, z: 0.11909902}
  m_Size: 2.0641775
  m_FadeMode: 0
  m_AnimateCrossFading: 0
  m_LastLODIsBillboard: 0
  m_LODs:
  - screenRelativeHeight: 0.24432719
    fadeTransitionWidth: 0
    renderers:
    - renderer: {fileID: 5171758064981320196}
    - renderer: {fileID: 1799197221807110196}
  - screenRelativeHeight: 0.125
    fadeTransitionWidth: 0
    renderers:
    - renderer: {fileID: 7668256429885859553}
    - renderer: {fileID: 298896864179988590}
  - screenRelativeHeight: 0.01
    fadeTransitionWidth: 0
    renderers:
    - renderer: {fileID: 8801512244801968206}
    - renderer: {fileID: 298896864179988590}
  m_Enabled: 1
--- !u!1 &147915672498489386
GameObject:
  m_ObjectHideFlags: 0
  m_CorrespondingSourceObject: {fileID: 0}
  m_PrefabInstance: {fileID: 0}
  m_PrefabAsset: {fileID: 0}
  serializedVersion: 6
  m_Component:
  - component: {fileID: 8829812165153281732}
  m_Layer: 0
  m_Name: Thumb_01
  m_TagString: Untagged
  m_Icon: {fileID: 0}
  m_NavMeshLayer: 0
  m_StaticEditorFlags: 0
  m_IsActive: 1
--- !u!4 &8829812165153281732
Transform:
  m_ObjectHideFlags: 0
  m_CorrespondingSourceObject: {fileID: 0}
  m_PrefabInstance: {fileID: 0}
  m_PrefabAsset: {fileID: 0}
  m_GameObject: {fileID: 147915672498489386}
  m_LocalRotation: {x: 0.025480654, y: 0.2768427, z: 0.08803954, w: 0.9565343}
  m_LocalPosition: {x: -0.035140455, y: -0.011706848, z: 0.045055393}
  m_LocalScale: {x: 1, y: 1, z: 1}
  m_Children:
  - {fileID: 4757842420060715659}
  m_Father: {fileID: 8584864937304810925}
  m_RootOrder: 2
  m_LocalEulerAnglesHint: {x: 0, y: 0, z: 0}
--- !u!1 &232079953940461576
GameObject:
  m_ObjectHideFlags: 0
  m_CorrespondingSourceObject: {fileID: 0}
  m_PrefabInstance: {fileID: 0}
  m_PrefabAsset: {fileID: 0}
  serializedVersion: 6
  m_Component:
  - component: {fileID: 3948501683681129675}
  m_Layer: 0
  m_Name: Spine_03
  m_TagString: Untagged
  m_Icon: {fileID: 0}
  m_NavMeshLayer: 0
  m_StaticEditorFlags: 0
  m_IsActive: 1
--- !u!4 &3948501683681129675
Transform:
  m_ObjectHideFlags: 0
  m_CorrespondingSourceObject: {fileID: 0}
  m_PrefabInstance: {fileID: 0}
  m_PrefabAsset: {fileID: 0}
  m_GameObject: {fileID: 232079953940461576}
  m_LocalRotation: {x: 0.9938103, y: -0.111090295, z: -0.0000000048559072, w: 0.000000043440842}
  m_LocalPosition: {x: -0.17903693, y: 0.000000019073486, z: 9.094947e-15}
  m_LocalScale: {x: 1, y: 1, z: 1}
  m_Children:
  - {fileID: 4289518432090602462}
  - {fileID: 5826368378936720852}
  - {fileID: 7401279226486306848}
  m_Father: {fileID: 2914413506434168966}
  m_RootOrder: 0
  m_LocalEulerAnglesHint: {x: 0, y: 0, z: 0}
--- !u!1 &736386890150099700
GameObject:
  m_ObjectHideFlags: 0
  m_CorrespondingSourceObject: {fileID: 0}
  m_PrefabInstance: {fileID: 0}
  m_PrefabAsset: {fileID: 0}
  serializedVersion: 6
  m_Component:
  - component: {fileID: 4919236495483128867}
  - component: {fileID: 5495615114559892146}
  - component: {fileID: 298896864179988590}
  m_Layer: 0
  m_Name: SM_Chr_Attach_SpaceSoldier_Male_Helmet_LOD1
  m_TagString: Untagged
  m_Icon: {fileID: 0}
  m_NavMeshLayer: 0
  m_StaticEditorFlags: 0
  m_IsActive: 1
--- !u!4 &4919236495483128867
Transform:
  m_ObjectHideFlags: 0
  m_CorrespondingSourceObject: {fileID: 0}
  m_PrefabInstance: {fileID: 0}
  m_PrefabAsset: {fileID: 0}
  m_GameObject: {fileID: 736386890150099700}
  m_LocalRotation: {x: 0.00000013411042, y: 0.000017404553, z: 0.0000028759234, w: 1}
  m_LocalPosition: {x: 0, y: 0, z: 0}
  m_LocalScale: {x: 1, y: 1, z: 1}
  m_Children: []
  m_Father: {fileID: 704296580589646754}
  m_RootOrder: 3
  m_LocalEulerAnglesHint: {x: 0, y: 0, z: 0}
--- !u!33 &5495615114559892146
MeshFilter:
  m_ObjectHideFlags: 0
  m_CorrespondingSourceObject: {fileID: 0}
  m_PrefabInstance: {fileID: 0}
  m_PrefabAsset: {fileID: 0}
  m_GameObject: {fileID: 736386890150099700}
  m_Mesh: {fileID: 7767140111078150101, guid: 1f9d3829fa6c10544ad0fd7023dee778, type: 3}
--- !u!23 &298896864179988590
MeshRenderer:
  m_ObjectHideFlags: 0
  m_CorrespondingSourceObject: {fileID: 0}
  m_PrefabInstance: {fileID: 0}
  m_PrefabAsset: {fileID: 0}
  m_GameObject: {fileID: 736386890150099700}
  m_Enabled: 1
  m_CastShadows: 1
  m_ReceiveShadows: 1
  m_DynamicOccludee: 1
  m_MotionVectors: 1
  m_LightProbeUsage: 1
  m_ReflectionProbeUsage: 1
  m_RayTracingMode: 2
  m_RenderingLayerMask: 1
  m_RendererPriority: 0
  m_Materials:
  - {fileID: 2100000, guid: 4cee7a5983b187943adc589b9cb1f084, type: 2}
  m_StaticBatchInfo:
    firstSubMesh: 0
    subMeshCount: 0
  m_StaticBatchRoot: {fileID: 0}
  m_ProbeAnchor: {fileID: 0}
  m_LightProbeVolumeOverride: {fileID: 0}
  m_ScaleInLightmap: 1
  m_ReceiveGI: 1
  m_PreserveUVs: 0
  m_IgnoreNormalsForChartDetection: 0
  m_ImportantGI: 0
  m_StitchLightmapSeams: 1
  m_SelectedEditorRenderState: 3
  m_MinimumChartSize: 4
  m_AutoUVMaxDistance: 0.5
  m_AutoUVMaxAngle: 89
  m_LightmapParameters: {fileID: 0}
  m_SortingLayerID: 0
  m_SortingLayer: 0
  m_SortingOrder: 0
--- !u!1 &738818638315399901
GameObject:
  m_ObjectHideFlags: 0
  m_CorrespondingSourceObject: {fileID: 0}
  m_PrefabInstance: {fileID: 0}
  m_PrefabAsset: {fileID: 0}
  serializedVersion: 6
  m_Component:
  - component: {fileID: 3807049650206893740}
  m_Layer: 0
  m_Name: Root
  m_TagString: Untagged
  m_Icon: {fileID: 0}
  m_NavMeshLayer: 0
  m_StaticEditorFlags: 0
  m_IsActive: 1
--- !u!4 &3807049650206893740
Transform:
  m_ObjectHideFlags: 0
  m_CorrespondingSourceObject: {fileID: 0}
  m_PrefabInstance: {fileID: 0}
  m_PrefabAsset: {fileID: 0}
  m_GameObject: {fileID: 738818638315399901}
  m_LocalRotation: {x: 0.000000021855694, y: -0, z: -0, w: 1}
  m_LocalPosition: {x: -1.3528616, y: 0, z: 0.12868187}
  m_LocalScale: {x: 1, y: 1, z: 1}
  m_Children:
  - {fileID: 2584363802234613246}
  m_Father: {fileID: 4960351259532288}
  m_RootOrder: 3
  m_LocalEulerAnglesHint: {x: 0, y: 0, z: 0}
--- !u!1 &913497963108672166
GameObject:
  m_ObjectHideFlags: 0
  m_CorrespondingSourceObject: {fileID: 0}
  m_PrefabInstance: {fileID: 0}
  m_PrefabAsset: {fileID: 0}
  serializedVersion: 6
  m_Component:
  - component: {fileID: 5997381640317148082}
  - component: {fileID: 7668256429885859553}
  m_Layer: 0
  m_Name: SM_Chr_SpaceSoldier_Male_LOD1
  m_TagString: Untagged
  m_Icon: {fileID: 0}
  m_NavMeshLayer: 0
  m_StaticEditorFlags: 0
  m_IsActive: 1
--- !u!4 &5997381640317148082
Transform:
  m_ObjectHideFlags: 0
  m_CorrespondingSourceObject: {fileID: 0}
  m_PrefabInstance: {fileID: 0}
  m_PrefabAsset: {fileID: 0}
  m_GameObject: {fileID: 913497963108672166}
  m_LocalRotation: {x: 0.000000021855694, y: -0, z: -0, w: 1}
  m_LocalPosition: {x: -1.3528616, y: 0, z: 0.12868187}
  m_LocalScale: {x: 1, y: 1, z: 1}
  m_Children: []
  m_Father: {fileID: 4960351259532288}
  m_RootOrder: 1
  m_LocalEulerAnglesHint: {x: 0, y: 0, z: 0}
--- !u!137 &7668256429885859553
SkinnedMeshRenderer:
  m_ObjectHideFlags: 0
  m_CorrespondingSourceObject: {fileID: 0}
  m_PrefabInstance: {fileID: 0}
  m_PrefabAsset: {fileID: 0}
  m_GameObject: {fileID: 913497963108672166}
  m_Enabled: 1
  m_CastShadows: 1
  m_ReceiveShadows: 1
  m_DynamicOccludee: 1
  m_MotionVectors: 1
  m_LightProbeUsage: 1
  m_ReflectionProbeUsage: 1
  m_RayTracingMode: 0
  m_RenderingLayerMask: 1
  m_RendererPriority: 0
  m_Materials:
  - {fileID: 2100000, guid: 4cee7a5983b187943adc589b9cb1f084, type: 2}
  m_StaticBatchInfo:
    firstSubMesh: 0
    subMeshCount: 0
  m_StaticBatchRoot: {fileID: 0}
  m_ProbeAnchor: {fileID: 0}
  m_LightProbeVolumeOverride: {fileID: 0}
  m_ScaleInLightmap: 1
  m_ReceiveGI: 1
  m_PreserveUVs: 0
  m_IgnoreNormalsForChartDetection: 0
  m_ImportantGI: 0
  m_StitchLightmapSeams: 1
  m_SelectedEditorRenderState: 3
  m_MinimumChartSize: 4
  m_AutoUVMaxDistance: 0.5
  m_AutoUVMaxAngle: 89
  m_LightmapParameters: {fileID: 0}
  m_SortingLayerID: 0
  m_SortingLayer: 0
  m_SortingOrder: 0
  serializedVersion: 2
  m_Quality: 0
  m_UpdateWhenOffscreen: 0
  m_SkinnedMotionVectors: 1
  m_Mesh: {fileID: 1609723039847502199, guid: 1f9d3829fa6c10544ad0fd7023dee778, type: 3}
  m_Bones:
  - {fileID: 5480297292562623516}
  - {fileID: 2038988699274589426}
  - {fileID: 5235408371417136750}
  - {fileID: 7285540880297494846}
  - {fileID: 7340989366817844325}
  - {fileID: 2862709039275690466}
  - {fileID: 2233688721323486954}
  - {fileID: 4074802497728796384}
  - {fileID: 3948501683681129675}
  - {fileID: 2584363802234613246}
  - {fileID: 7401279226486306848}
  - {fileID: 4277956788830219264}
  - {fileID: 2914413506434168966}
  - {fileID: 5826368378936720852}
  - {fileID: 4289518432090602462}
  - {fileID: 2631893889755842890}
  - {fileID: 5687771767007311751}
  - {fileID: 7011946922056820534}
  - {fileID: 5067230836322830510}
  - {fileID: 7830148802143944517}
  - {fileID: 4065813958005762911}
  - {fileID: 5650626956799918049}
  - {fileID: 1682662251471613741}
  - {fileID: 5574807737872362852}
  - {fileID: 6793777996239409204}
  - {fileID: 7311269288644790633}
  - {fileID: 6011371755704028102}
  - {fileID: 3137935581371608124}
  - {fileID: 7218789969335934159}
  - {fileID: 4757842420060715659}
  - {fileID: 1540998136600775969}
  - {fileID: 8584864937304810925}
  - {fileID: 8829812165153281732}
  - {fileID: 8100387903642210553}
  - {fileID: 7458313106569720976}
  - {fileID: 6347756105236877331}
  - {fileID: 3546848506311089003}
  - {fileID: 6665352027825730385}
  - {fileID: 1828013315373350767}
  - {fileID: 7392703335401467642}
  - {fileID: 5021672484093653558}
  - {fileID: 39369580593406293}
  - {fileID: 1411893017730512215}
  m_BlendShapeWeights: []
  m_RootBone: {fileID: 2584363802234613246}
  m_AABB:
    m_Center: {x: 0.11364782, y: -0.028820723, z: -0.00000017881393}
    m_Extent: {x: 0.8568366, y: 0.35385647, z: 1.0307124}
  m_DirtyAABB: 0
--- !u!1 &1164564651238811163
GameObject:
  m_ObjectHideFlags: 0
  m_CorrespondingSourceObject: {fileID: 0}
  m_PrefabInstance: {fileID: 0}
  m_PrefabAsset: {fileID: 0}
  serializedVersion: 6
  m_Component:
  - component: {fileID: 6760293855828628860}
  m_Layer: 0
  m_Name: Eyes
  m_TagString: Untagged
  m_Icon: {fileID: 0}
  m_NavMeshLayer: 0
  m_StaticEditorFlags: 0
  m_IsActive: 1
--- !u!4 &6760293855828628860
Transform:
  m_ObjectHideFlags: 0
  m_CorrespondingSourceObject: {fileID: 0}
  m_PrefabInstance: {fileID: 0}
  m_PrefabAsset: {fileID: 0}
  m_GameObject: {fileID: 1164564651238811163}
  m_LocalRotation: {x: -7.1054274e-15, y: -3.261641e-12, z: -2.3175353e-26, w: 1}
  m_LocalPosition: {x: -1.1641532e-12, y: 0.09447586, z: 0.12272215}
  m_LocalScale: {x: 1, y: 1, z: 1}
  m_Children: []
  m_Father: {fileID: 704296580589646754}
  m_RootOrder: 1
  m_LocalEulerAnglesHint: {x: 0, y: 0, z: 0}
--- !u!1 &1236963194979994697
GameObject:
  m_ObjectHideFlags: 0
  m_CorrespondingSourceObject: {fileID: 0}
  m_PrefabInstance: {fileID: 0}
  m_PrefabAsset: {fileID: 0}
  serializedVersion: 6
  m_Component:
  - component: {fileID: 4494504741133792800}
  m_Layer: 0
  m_Name: Toes_R
  m_TagString: Untagged
  m_Icon: {fileID: 0}
  m_NavMeshLayer: 0
  m_StaticEditorFlags: 0
  m_IsActive: 1
--- !u!4 &4494504741133792800
Transform:
  m_ObjectHideFlags: 0
  m_CorrespondingSourceObject: {fileID: 0}
  m_PrefabInstance: {fileID: 0}
  m_PrefabAsset: {fileID: 0}
  m_GameObject: {fileID: 1236963194979994697}
  m_LocalRotation: {x: 1.2862198e-12, y: -0.7071068, z: 1.2862198e-12, w: 0.7071068}
  m_LocalPosition: {x: -0.072957546, y: 0, z: -0.000000019073486}
  m_LocalScale: {x: 1, y: 1, z: 1}
  m_Children: []
  m_Father: {fileID: 2233688721323486954}
  m_RootOrder: 0
  m_LocalEulerAnglesHint: {x: 0, y: 0, z: 0}
--- !u!1 &1295845551914232038
GameObject:
  m_ObjectHideFlags: 0
  m_CorrespondingSourceObject: {fileID: 0}
  m_PrefabInstance: {fileID: 0}
  m_PrefabAsset: {fileID: 0}
  serializedVersion: 6
  m_Component:
  - component: {fileID: 1540998136600775969}
  m_Layer: 0
  m_Name: Thumb_03
  m_TagString: Untagged
  m_Icon: {fileID: 0}
  m_NavMeshLayer: 0
  m_StaticEditorFlags: 0
  m_IsActive: 1
--- !u!4 &1540998136600775969
Transform:
  m_ObjectHideFlags: 0
  m_CorrespondingSourceObject: {fileID: 0}
  m_PrefabInstance: {fileID: 0}
  m_PrefabAsset: {fileID: 0}
  m_GameObject: {fileID: 1295845551914232038}
  m_LocalRotation: {x: -0.036403246, y: -0.15203469, z: -0.22999536, w: 0.96055317}
  m_LocalPosition: {x: -0.056655653, y: 0.00000015258789, z: -0.000000019073486}
  m_LocalScale: {x: 1, y: 1, z: 1}
  m_Children: []
  m_Father: {fileID: 4757842420060715659}
  m_RootOrder: 0
  m_LocalEulerAnglesHint: {x: 0, y: 0, z: 0}
--- !u!1 &1358791355163027762
GameObject:
  m_ObjectHideFlags: 0
  m_CorrespondingSourceObject: {fileID: 0}
  m_PrefabInstance: {fileID: 0}
  m_PrefabAsset: {fileID: 0}
  serializedVersion: 6
  m_Component:
  - component: {fileID: 7401279226486306848}
  m_Layer: 0
  m_Name: Neck
  m_TagString: Untagged
  m_Icon: {fileID: 0}
  m_NavMeshLayer: 0
  m_StaticEditorFlags: 0
  m_IsActive: 1
--- !u!4 &7401279226486306848
Transform:
  m_ObjectHideFlags: 0
  m_CorrespondingSourceObject: {fileID: 0}
  m_PrefabInstance: {fileID: 0}
  m_PrefabAsset: {fileID: 0}
  m_GameObject: {fileID: 1358791355163027762}
  m_LocalRotation: {x: 0.000017909657, y: 0.0000007480805, z: 0.041733302, w: 0.9991288}
  m_LocalPosition: {x: -0.111889645, y: 0, z: 0}
  m_LocalScale: {x: 1, y: 1, z: 1}
  m_Children:
  - {fileID: 704296580589646754}
  m_Father: {fileID: 3948501683681129675}
  m_RootOrder: 2
  m_LocalEulerAnglesHint: {x: 0, y: 0, z: 0}
--- !u!1 &1521427335954557733
GameObject:
  m_ObjectHideFlags: 0
  m_CorrespondingSourceObject: {fileID: 0}
  m_PrefabInstance: {fileID: 0}
  m_PrefabAsset: {fileID: 0}
  serializedVersion: 6
  m_Component:
  - component: {fileID: 7830148802143944517}
  m_Layer: 0
  m_Name: Shoulder_R
  m_TagString: Untagged
  m_Icon: {fileID: 0}
  m_NavMeshLayer: 0
  m_StaticEditorFlags: 0
  m_IsActive: 1
--- !u!4 &7830148802143944517
Transform:
  m_ObjectHideFlags: 0
  m_CorrespondingSourceObject: {fileID: 0}
  m_PrefabInstance: {fileID: 0}
  m_PrefabAsset: {fileID: 0}
  m_GameObject: {fileID: 1521427335954557733}
  m_LocalRotation: {x: 0.0113281, y: 0.23685998, z: 0.033806607, w: 0.97088933}
  m_LocalPosition: {x: 0.13197862, y: 0.000006713867, z: 0.000000076293944}
  m_LocalScale: {x: 1, y: 1, z: 1}
  m_Children:
  - {fileID: 4065813958005762911}
  m_Father: {fileID: 5826368378936720852}
  m_RootOrder: 0
  m_LocalEulerAnglesHint: {x: 0, y: 0, z: 0}
--- !u!1 &1565418777011472867
GameObject:
  m_ObjectHideFlags: 0
  m_CorrespondingSourceObject: {fileID: 0}
  m_PrefabInstance: {fileID: 0}
  m_PrefabAsset: {fileID: 0}
  serializedVersion: 6
  m_Component:
  - component: {fileID: 5067230836322830510}
  m_Layer: 0
  m_Name: Thumb_01 1
  m_TagString: Untagged
  m_Icon: {fileID: 0}
  m_NavMeshLayer: 0
  m_StaticEditorFlags: 0
  m_IsActive: 1
--- !u!4 &5067230836322830510
Transform:
  m_ObjectHideFlags: 0
  m_CorrespondingSourceObject: {fileID: 0}
  m_PrefabInstance: {fileID: 0}
  m_PrefabAsset: {fileID: 0}
  m_GameObject: {fileID: 1565418777011472867}
  m_LocalRotation: {x: 0.025480656, y: 0.2768427, z: 0.08803953, w: 0.9565343}
  m_LocalPosition: {x: 0.03514, y: 0.011710052, z: -0.045055397}
  m_LocalScale: {x: 1, y: 1, z: 1}
  m_Children:
  - {fileID: 2631893889755842890}
  m_Father: {fileID: 7011946922056820534}
  m_RootOrder: 2
  m_LocalEulerAnglesHint: {x: 0, y: 0, z: 0}
--- !u!1 &2014726162417638214
GameObject:
  m_ObjectHideFlags: 0
  m_CorrespondingSourceObject: {fileID: 0}
  m_PrefabInstance: {fileID: 0}
  m_PrefabAsset: {fileID: 0}
  serializedVersion: 6
  m_Component:
  - component: {fileID: 7218789969335934159}
  m_Layer: 0
  m_Name: Finger_04 1
  m_TagString: Untagged
  m_Icon: {fileID: 0}
  m_NavMeshLayer: 0
  m_StaticEditorFlags: 0
  m_IsActive: 1
--- !u!4 &7218789969335934159
Transform:
  m_ObjectHideFlags: 0
  m_CorrespondingSourceObject: {fileID: 0}
  m_PrefabInstance: {fileID: 0}
  m_PrefabAsset: {fileID: 0}
  m_GameObject: {fileID: 2014726162417638214}
  m_LocalRotation: {x: 0.016646393, y: 0.0965254, z: -0.16913013, w: 0.98071444}
  m_LocalPosition: {x: 0.030031128, y: 0.0000010681152, z: 0.00000039100647}
  m_LocalScale: {x: 1, y: 1, z: 1}
  m_Children: []
  m_Father: {fileID: 3137935581371608124}
  m_RootOrder: 0
  m_LocalEulerAnglesHint: {x: 0, y: 0, z: 0}
--- !u!1 &2175962010625025476
GameObject:
  m_ObjectHideFlags: 0
  m_CorrespondingSourceObject: {fileID: 0}
  m_PrefabInstance: {fileID: 0}
  m_PrefabAsset: {fileID: 0}
  serializedVersion: 6
  m_Component:
  - component: {fileID: 6011371755704028102}
  m_Layer: 0
  m_Name: IndexFinger_04 1
  m_TagString: Untagged
  m_Icon: {fileID: 0}
  m_NavMeshLayer: 0
  m_StaticEditorFlags: 0
  m_IsActive: 1
--- !u!4 &6011371755704028102
Transform:
  m_ObjectHideFlags: 0
  m_CorrespondingSourceObject: {fileID: 0}
  m_PrefabInstance: {fileID: 0}
  m_PrefabAsset: {fileID: 0}
  m_GameObject: {fileID: 2175962010625025476}
  m_LocalRotation: {x: -0.0045196484, y: -0.028039925, z: -0.15906805, w: 0.986859}
  m_LocalPosition: {x: 0.037793312, y: -0.000005340576, z: -0.00000015735625}
  m_LocalScale: {x: 1, y: 1, z: 1}
  m_Children: []
  m_Father: {fileID: 7311269288644790633}
  m_RootOrder: 0
  m_LocalEulerAnglesHint: {x: 0, y: 0, z: 0}
--- !u!1 &2201250736101496855
GameObject:
  m_ObjectHideFlags: 0
  m_CorrespondingSourceObject: {fileID: 0}
  m_PrefabInstance: {fileID: 0}
  m_PrefabAsset: {fileID: 0}
  serializedVersion: 6
  m_Component:
  - component: {fileID: 6665352027825730385}
  m_Layer: 0
  m_Name: IndexFinger_02
  m_TagString: Untagged
  m_Icon: {fileID: 0}
  m_NavMeshLayer: 0
  m_StaticEditorFlags: 0
  m_IsActive: 1
--- !u!4 &6665352027825730385
Transform:
  m_ObjectHideFlags: 0
  m_CorrespondingSourceObject: {fileID: 0}
  m_PrefabInstance: {fileID: 0}
  m_PrefabAsset: {fileID: 0}
  m_GameObject: {fileID: 2201250736101496855}
  m_LocalRotation: {x: -0.0011540668, y: -0.010741646, z: 0.09832992, w: 0.99509525}
  m_LocalPosition: {x: -0.040936127, y: 0, z: 0.000000028610229}
  m_LocalScale: {x: 1, y: 1, z: 1}
  m_Children:
  - {fileID: 7392703335401467642}
  m_Father: {fileID: 6347756105236877331}
  m_RootOrder: 0
  m_LocalEulerAnglesHint: {x: 0, y: 0, z: 0}
--- !u!1 &2212491614646982861
GameObject:
  m_ObjectHideFlags: 0
  m_CorrespondingSourceObject: {fileID: 0}
  m_PrefabInstance: {fileID: 0}
  m_PrefabAsset: {fileID: 0}
  serializedVersion: 6
  m_Component:
  - component: {fileID: 3137935581371608124}
  m_Layer: 0
  m_Name: Finger_03 1
  m_TagString: Untagged
  m_Icon: {fileID: 0}
  m_NavMeshLayer: 0
  m_StaticEditorFlags: 0
  m_IsActive: 1
--- !u!4 &3137935581371608124
Transform:
  m_ObjectHideFlags: 0
  m_CorrespondingSourceObject: {fileID: 0}
  m_PrefabInstance: {fileID: 0}
  m_PrefabAsset: {fileID: 0}
  m_GameObject: {fileID: 2212491614646982861}
  m_LocalRotation: {x: -0.018149247, y: -0.07147896, z: 0.09251092, w: 0.9929769}
  m_LocalPosition: {x: 0.035133056, y: -0.00000045776366, z: 0.000000011920928}
  m_LocalScale: {x: 1, y: 1, z: 1}
  m_Children:
  - {fileID: 7218789969335934159}
  m_Father: {fileID: 6793777996239409204}
  m_RootOrder: 0
  m_LocalEulerAnglesHint: {x: 0, y: 0, z: 0}
--- !u!1 &2325705362302662742
GameObject:
  m_ObjectHideFlags: 0
  m_CorrespondingSourceObject: {fileID: 0}
  m_PrefabInstance: {fileID: 0}
  m_PrefabAsset: {fileID: 0}
  serializedVersion: 6
  m_Component:
  - component: {fileID: 4277956788830219264}
  m_Layer: 0
  m_Name: Spine_01
  m_TagString: Untagged
  m_Icon: {fileID: 0}
  m_NavMeshLayer: 0
  m_StaticEditorFlags: 0
  m_IsActive: 1
--- !u!4 &4277956788830219264
Transform:
  m_ObjectHideFlags: 0
  m_CorrespondingSourceObject: {fileID: 0}
  m_PrefabInstance: {fileID: 0}
  m_PrefabAsset: {fileID: 0}
  m_GameObject: {fileID: 2325705362302662742}
  m_LocalRotation: {x: 0.9950197, y: -0.09967893, z: -0.000000004357105, w: 0.000000043493692}
  m_LocalPosition: {x: -0.10393265, y: 0, z: -9.094947e-15}
  m_LocalScale: {x: 1, y: 1, z: 1}
  m_Children:
  - {fileID: 2914413506434168966}
  m_Father: {fileID: 2584363802234613246}
  m_RootOrder: 0
  m_LocalEulerAnglesHint: {x: 0, y: 0, z: 0}
--- !u!1 &2596708028030617827
GameObject:
  m_ObjectHideFlags: 0
  m_CorrespondingSourceObject: {fileID: 0}
  m_PrefabInstance: {fileID: 0}
  m_PrefabAsset: {fileID: 0}
  serializedVersion: 6
  m_Component:
  - component: {fileID: 6654335560590815042}
  - component: {fileID: 5171758064981320196}
  m_Layer: 0
  m_Name: SM_Chr_SpaceSoldier_Male_LOD0
  m_TagString: Untagged
  m_Icon: {fileID: 0}
  m_NavMeshLayer: 0
  m_StaticEditorFlags: 0
  m_IsActive: 1
--- !u!4 &6654335560590815042
Transform:
  m_ObjectHideFlags: 0
  m_CorrespondingSourceObject: {fileID: 0}
  m_PrefabInstance: {fileID: 0}
  m_PrefabAsset: {fileID: 0}
  m_GameObject: {fileID: 2596708028030617827}
  m_LocalRotation: {x: 0.000000021855694, y: -0, z: -0, w: 1}
  m_LocalPosition: {x: -1.3528616, y: 0, z: 0.12868187}
  m_LocalScale: {x: 1, y: 1, z: 1}
  m_Children: []
  m_Father: {fileID: 4960351259532288}
  m_RootOrder: 0
  m_LocalEulerAnglesHint: {x: 0, y: 0, z: 0}
--- !u!137 &5171758064981320196
SkinnedMeshRenderer:
  m_ObjectHideFlags: 0
  m_CorrespondingSourceObject: {fileID: 0}
  m_PrefabInstance: {fileID: 0}
  m_PrefabAsset: {fileID: 0}
  m_GameObject: {fileID: 2596708028030617827}
  m_Enabled: 1
  m_CastShadows: 1
  m_ReceiveShadows: 1
  m_DynamicOccludee: 1
  m_MotionVectors: 1
  m_LightProbeUsage: 1
  m_ReflectionProbeUsage: 1
  m_RayTracingMode: 0
  m_RenderingLayerMask: 1
  m_RendererPriority: 0
  m_Materials:
  - {fileID: 2100000, guid: 4cee7a5983b187943adc589b9cb1f084, type: 2}
  m_StaticBatchInfo:
    firstSubMesh: 0
    subMeshCount: 0
  m_StaticBatchRoot: {fileID: 0}
  m_ProbeAnchor: {fileID: 0}
  m_LightProbeVolumeOverride: {fileID: 0}
  m_ScaleInLightmap: 1
  m_ReceiveGI: 1
  m_PreserveUVs: 0
  m_IgnoreNormalsForChartDetection: 0
  m_ImportantGI: 0
  m_StitchLightmapSeams: 1
  m_SelectedEditorRenderState: 3
  m_MinimumChartSize: 4
  m_AutoUVMaxDistance: 0.5
  m_AutoUVMaxAngle: 89
  m_LightmapParameters: {fileID: 0}
  m_SortingLayerID: 0
  m_SortingLayer: 0
  m_SortingOrder: 0
  serializedVersion: 2
  m_Quality: 0
  m_UpdateWhenOffscreen: 0
  m_SkinnedMotionVectors: 1
  m_Mesh: {fileID: -8320851028384440703, guid: 1f9d3829fa6c10544ad0fd7023dee778, type: 3}
  m_Bones:
  - {fileID: 5480297292562623516}
  - {fileID: 2038988699274589426}
  - {fileID: 5235408371417136750}
  - {fileID: 7285540880297494846}
  - {fileID: 7340989366817844325}
  - {fileID: 2862709039275690466}
  - {fileID: 2233688721323486954}
  - {fileID: 4074802497728796384}
  - {fileID: 3948501683681129675}
  - {fileID: 2584363802234613246}
  - {fileID: 7401279226486306848}
  - {fileID: 704296580589646754}
  - {fileID: 4277956788830219264}
  - {fileID: 2914413506434168966}
  - {fileID: 5826368378936720852}
  - {fileID: 4289518432090602462}
  - {fileID: 2631893889755842890}
  - {fileID: 5687771767007311751}
  - {fileID: 7011946922056820534}
  - {fileID: 5067230836322830510}
  - {fileID: 7830148802143944517}
  - {fileID: 4065813958005762911}
  - {fileID: 5650626956799918049}
  - {fileID: 1682662251471613741}
  - {fileID: 6793777996239409204}
  - {fileID: 5574807737872362852}
  - {fileID: 3137935581371608124}
  - {fileID: 7311269288644790633}
  - {fileID: 6011371755704028102}
  - {fileID: 7218789969335934159}
  - {fileID: 4757842420060715659}
  - {fileID: 1540998136600775969}
  - {fileID: 8584864937304810925}
  - {fileID: 8829812165153281732}
  - {fileID: 8100387903642210553}
  - {fileID: 7458313106569720976}
  - {fileID: 6347756105236877331}
  - {fileID: 3546848506311089003}
  - {fileID: 1828013315373350767}
  - {fileID: 6665352027825730385}
  - {fileID: 39369580593406293}
  - {fileID: 7392703335401467642}
  - {fileID: 5021672484093653558}
  - {fileID: 1411893017730512215}
  m_BlendShapeWeights: []
  m_RootBone: {fileID: 2584363802234613246}
  m_AABB:
    m_Center: {x: 0.11704129, y: -0.027377576, z: -0.00000017881393}
    m_Extent: {x: 0.86236125, y: 0.3561163, z: 1.0320885}
  m_DirtyAABB: 0
--- !u!1 &3066675894324672375
GameObject:
  m_ObjectHideFlags: 0
  m_CorrespondingSourceObject: {fileID: 0}
  m_PrefabInstance: {fileID: 0}
  m_PrefabAsset: {fileID: 0}
  serializedVersion: 6
  m_Component:
  - component: {fileID: 3546848506311089003}
  m_Layer: 0
  m_Name: Finger_01
  m_TagString: Untagged
  m_Icon: {fileID: 0}
  m_NavMeshLayer: 0
  m_StaticEditorFlags: 0
  m_IsActive: 1
--- !u!4 &3546848506311089003
Transform:
  m_ObjectHideFlags: 0
  m_CorrespondingSourceObject: {fileID: 0}
  m_PrefabInstance: {fileID: 0}
  m_PrefabAsset: {fileID: 0}
  m_GameObject: {fileID: 3066675894324672375}
  m_LocalRotation: {x: -0.002486392, y: -0.04387974, z: 0.056519292, w: 0.9974337}
  m_LocalPosition: {x: -0.09982521, y: -0.001159668, z: -0.032833405}
  m_LocalScale: {x: 1, y: 1, z: 1}
  m_Children:
  - {fileID: 1828013315373350767}
  m_Father: {fileID: 8584864937304810925}
  m_RootOrder: 0
  m_LocalEulerAnglesHint: {x: 0, y: 0, z: 0}
--- !u!1 &3226209000843828049
GameObject:
  m_ObjectHideFlags: 0
  m_CorrespondingSourceObject: {fileID: 0}
  m_PrefabInstance: {fileID: 0}
  m_PrefabAsset: {fileID: 0}
  serializedVersion: 6
  m_Component:
  - component: {fileID: 7392703335401467642}
  m_Layer: 0
  m_Name: IndexFinger_03
  m_TagString: Untagged
  m_Icon: {fileID: 0}
  m_NavMeshLayer: 0
  m_StaticEditorFlags: 0
  m_IsActive: 1
--- !u!4 &7392703335401467642
Transform:
  m_ObjectHideFlags: 0
  m_CorrespondingSourceObject: {fileID: 0}
  m_PrefabInstance: {fileID: 0}
  m_PrefabAsset: {fileID: 0}
  m_GameObject: {fileID: 3226209000843828049}
  m_LocalRotation: {x: -0.006912291, y: -0.025717428, z: 0.05700228, w: 0.99801886}
  m_LocalPosition: {x: -0.037911985, y: 0, z: 0}
  m_LocalScale: {x: 1, y: 1, z: 1}
  m_Children:
  - {fileID: 5021672484093653558}
  m_Father: {fileID: 6665352027825730385}
  m_RootOrder: 0
  m_LocalEulerAnglesHint: {x: 0, y: 0, z: 0}
--- !u!1 &3424406725214686983
GameObject:
  m_ObjectHideFlags: 0
  m_CorrespondingSourceObject: {fileID: 0}
  m_PrefabInstance: {fileID: 0}
  m_PrefabAsset: {fileID: 0}
  serializedVersion: 6
  m_Component:
  - component: {fileID: 4757842420060715659}
  m_Layer: 0
  m_Name: Thumb_02
  m_TagString: Untagged
  m_Icon: {fileID: 0}
  m_NavMeshLayer: 0
  m_StaticEditorFlags: 0
  m_IsActive: 1
--- !u!4 &4757842420060715659
Transform:
  m_ObjectHideFlags: 0
  m_CorrespondingSourceObject: {fileID: 0}
  m_PrefabInstance: {fileID: 0}
  m_PrefabAsset: {fileID: 0}
  m_GameObject: {fileID: 3424406725214686983}
  m_LocalRotation: {x: -0.039941967, y: -0.11784025, z: 0.1416357, w: 0.98206806}
  m_LocalPosition: {x: -0.06370216, y: -0.00000030517577, z: 0}
  m_LocalScale: {x: 1, y: 1, z: 1}
  m_Children:
  - {fileID: 1540998136600775969}
  m_Father: {fileID: 8829812165153281732}
  m_RootOrder: 0
  m_LocalEulerAnglesHint: {x: 0, y: 0, z: 0}
--- !u!1 &3453639364809845620
GameObject:
  m_ObjectHideFlags: 0
  m_CorrespondingSourceObject: {fileID: 0}
  m_PrefabInstance: {fileID: 0}
  m_PrefabAsset: {fileID: 0}
  serializedVersion: 6
  m_Component:
  - component: {fileID: 2862709039275690466}
  m_Layer: 0
  m_Name: Ankle_R
  m_TagString: Untagged
  m_Icon: {fileID: 0}
  m_NavMeshLayer: 0
  m_StaticEditorFlags: 0
  m_IsActive: 1
--- !u!4 &2862709039275690466
Transform:
  m_ObjectHideFlags: 0
  m_CorrespondingSourceObject: {fileID: 0}
  m_PrefabInstance: {fileID: 0}
  m_PrefabAsset: {fileID: 0}
  m_GameObject: {fileID: 3453639364809845620}
  m_LocalRotation: {x: 0.85767823, y: 0.50721276, z: 0.03966991, w: -0.07449531}
  m_LocalPosition: {x: -0.3771235, y: 0, z: 0}
  m_LocalScale: {x: 1, y: 1, z: 1}
  m_Children:
  - {fileID: 2233688721323486954}
  m_Father: {fileID: 7340989366817844325}
  m_RootOrder: 0
  m_LocalEulerAnglesHint: {x: 0, y: 0, z: 0}
--- !u!1 &3468457168568975128
GameObject:
  m_ObjectHideFlags: 0
  m_CorrespondingSourceObject: {fileID: 0}
  m_PrefabInstance: {fileID: 0}
  m_PrefabAsset: {fileID: 0}
  serializedVersion: 6
  m_Component:
  - component: {fileID: 6347756105236877331}
  m_Layer: 0
  m_Name: IndexFinger_01
  m_TagString: Untagged
  m_Icon: {fileID: 0}
  m_NavMeshLayer: 0
  m_StaticEditorFlags: 0
  m_IsActive: 1
--- !u!4 &6347756105236877331
Transform:
  m_ObjectHideFlags: 0
  m_CorrespondingSourceObject: {fileID: 0}
  m_PrefabInstance: {fileID: 0}
  m_PrefabAsset: {fileID: 0}
  m_GameObject: {fileID: 3468457168568975128}
  m_LocalRotation: {x: 0.00028049888, y: 0.0657945, z: 0.004253875, w: 0.99782413}
  m_LocalPosition: {x: -0.1039656, y: 0.0039871214, z: 0.026726492}
  m_LocalScale: {x: 1, y: 1, z: 1}
  m_Children:
  - {fileID: 6665352027825730385}
  m_Father: {fileID: 8584864937304810925}
  m_RootOrder: 1
  m_LocalEulerAnglesHint: {x: 0, y: 0, z: 0}
--- !u!1 &3906926301464175548
GameObject:
  m_ObjectHideFlags: 0
  m_CorrespondingSourceObject: {fileID: 0}
  m_PrefabInstance: {fileID: 0}
  m_PrefabAsset: {fileID: 0}
  serializedVersion: 6
  m_Component:
  - component: {fileID: 4776490478027732800}
  m_Layer: 0
  m_Name: Eyebrows
  m_TagString: Untagged
  m_Icon: {fileID: 0}
  m_NavMeshLayer: 0
  m_StaticEditorFlags: 0
  m_IsActive: 1
--- !u!4 &4776490478027732800
Transform:
  m_ObjectHideFlags: 0
  m_CorrespondingSourceObject: {fileID: 0}
  m_PrefabInstance: {fileID: 0}
  m_PrefabAsset: {fileID: 0}
  m_GameObject: {fileID: 3906926301464175548}
  m_LocalRotation: {x: -7.1054274e-15, y: -3.261641e-12, z: -2.3175353e-26, w: 1}
  m_LocalPosition: {x: -1.1641532e-12, y: 0.12766892, z: 0.12272215}
  m_LocalScale: {x: 1, y: 1, z: 1}
  m_Children: []
  m_Father: {fileID: 704296580589646754}
  m_RootOrder: 0
  m_LocalEulerAnglesHint: {x: 0, y: 0, z: 0}
--- !u!1 &4059436077286407405
GameObject:
  m_ObjectHideFlags: 0
  m_CorrespondingSourceObject: {fileID: 0}
  m_PrefabInstance: {fileID: 0}
  m_PrefabAsset: {fileID: 0}
  serializedVersion: 6
  m_Component:
  - component: {fileID: 2038988699274589426}
  m_Layer: 0
  m_Name: Ankle_L
  m_TagString: Untagged
  m_Icon: {fileID: 0}
  m_NavMeshLayer: 0
  m_StaticEditorFlags: 0
  m_IsActive: 1
--- !u!4 &2038988699274589426
Transform:
  m_ObjectHideFlags: 0
  m_CorrespondingSourceObject: {fileID: 0}
  m_PrefabInstance: {fileID: 0}
  m_PrefabAsset: {fileID: 0}
  m_GameObject: {fileID: 4059436077286407405}
  m_LocalRotation: {x: 0.8576639, y: 0.507213, z: 0.03981598, w: -0.07458044}
  m_LocalPosition: {x: 0.37712318, y: 0.00000013828277, z: -0.00000082015987}
  m_LocalScale: {x: 1, y: 1, z: 1}
  m_Children:
  - {fileID: 5235408371417136750}
  m_Father: {fileID: 5480297292562623516}
  m_RootOrder: 0
  m_LocalEulerAnglesHint: {x: 0, y: 0, z: 0}
--- !u!1 &4412458386911625297
GameObject:
  m_ObjectHideFlags: 0
  m_CorrespondingSourceObject: {fileID: 0}
  m_PrefabInstance: {fileID: 0}
  m_PrefabAsset: {fileID: 0}
  serializedVersion: 6
  m_Component:
  - component: {fileID: 4289518432090602462}
  m_Layer: 0
  m_Name: Clavicle_L
  m_TagString: Untagged
  m_Icon: {fileID: 0}
  m_NavMeshLayer: 0
  m_StaticEditorFlags: 0
  m_IsActive: 1
--- !u!4 &4289518432090602462
Transform:
  m_ObjectHideFlags: 0
  m_CorrespondingSourceObject: {fileID: 0}
  m_PrefabInstance: {fileID: 0}
  m_PrefabAsset: {fileID: 0}
  m_GameObject: {fileID: 4412458386911625297}
  m_LocalRotation: {x: -0.5785478, y: 0.6324856, z: -0.35251352, w: -0.37547117}
  m_LocalPosition: {x: -0.058011778, y: -0.04191448, z: -0.074471526}
  m_LocalScale: {x: 1, y: 1, z: 1}
  m_Children:
  - {fileID: 8100387903642210553}
  m_Father: {fileID: 3948501683681129675}
  m_RootOrder: 0
  m_LocalEulerAnglesHint: {x: 0, y: 0, z: 0}
--- !u!1 &4496222810078548608
GameObject:
  m_ObjectHideFlags: 0
  m_CorrespondingSourceObject: {fileID: 0}
  m_PrefabInstance: {fileID: 0}
  m_PrefabAsset: {fileID: 0}
  serializedVersion: 6
  m_Component:
  - component: {fileID: 2914413506434168966}
  m_Layer: 0
  m_Name: Spine_02
  m_TagString: Untagged
  m_Icon: {fileID: 0}
  m_NavMeshLayer: 0
  m_StaticEditorFlags: 0
  m_IsActive: 1
--- !u!4 &2914413506434168966
Transform:
  m_ObjectHideFlags: 0
  m_CorrespondingSourceObject: {fileID: 0}
  m_PrefabInstance: {fileID: 0}
  m_PrefabAsset: {fileID: 0}
  m_GameObject: {fileID: 4496222810078548608}
  m_LocalRotation: {x: 0.99518615, y: -0.0980028, z: -0.000000004283838, w: 0.000000043500968}
  m_LocalPosition: {x: -0.18151169, y: 0, z: 9.094947e-15}
  m_LocalScale: {x: 1, y: 1, z: 1}
  m_Children:
  - {fileID: 3948501683681129675}
  m_Father: {fileID: 4277956788830219264}
  m_RootOrder: 0
  m_LocalEulerAnglesHint: {x: 0, y: 0, z: 0}
--- !u!1 &4674269472285718759
GameObject:
  m_ObjectHideFlags: 0
  m_CorrespondingSourceObject: {fileID: 0}
  m_PrefabInstance: {fileID: 0}
  m_PrefabAsset: {fileID: 0}
  serializedVersion: 6
  m_Component:
  - component: {fileID: 5650626956799918049}
  m_Layer: 0
  m_Name: IndexFinger_01 1
  m_TagString: Untagged
  m_Icon: {fileID: 0}
  m_NavMeshLayer: 0
  m_StaticEditorFlags: 0
  m_IsActive: 1
--- !u!4 &5650626956799918049
Transform:
  m_ObjectHideFlags: 0
  m_CorrespondingSourceObject: {fileID: 0}
  m_PrefabInstance: {fileID: 0}
  m_PrefabAsset: {fileID: 0}
  m_GameObject: {fileID: 4674269472285718759}
  m_LocalRotation: {x: 0.00028049882, y: 0.0657945, z: 0.0042538755, w: 0.99782413}
  m_LocalPosition: {x: 0.10396598, y: -0.0039900206, z: -0.026726497}
  m_LocalScale: {x: 1, y: 1, z: 1}
  m_Children:
  - {fileID: 5574807737872362852}
  m_Father: {fileID: 7011946922056820534}
  m_RootOrder: 1
  m_LocalEulerAnglesHint: {x: 0, y: 0, z: 0}
--- !u!1 &4718904737200521821
GameObject:
  m_ObjectHideFlags: 0
  m_CorrespondingSourceObject: {fileID: 0}
  m_PrefabInstance: {fileID: 0}
  m_PrefabAsset: {fileID: 0}
  serializedVersion: 6
  m_Component:
  - component: {fileID: 1411893017730512215}
  m_Layer: 0
  m_Name: Finger_04
  m_TagString: Untagged
  m_Icon: {fileID: 0}
  m_NavMeshLayer: 0
  m_StaticEditorFlags: 0
  m_IsActive: 1
--- !u!4 &1411893017730512215
Transform:
  m_ObjectHideFlags: 0
  m_CorrespondingSourceObject: {fileID: 0}
  m_PrefabInstance: {fileID: 0}
  m_PrefabAsset: {fileID: 0}
  m_GameObject: {fileID: 4718904737200521821}
  m_LocalRotation: {x: 0.016646383, y: 0.09652541, z: -0.16913004, w: 0.98071444}
  m_LocalPosition: {x: -0.030032462, y: 0.00000030517577, z: 0}
  m_LocalScale: {x: 1, y: 1, z: 1}
  m_Children: []
  m_Father: {fileID: 39369580593406293}
  m_RootOrder: 0
  m_LocalEulerAnglesHint: {x: 0, y: 0, z: 0}
--- !u!1 &4897726901938643322
GameObject:
  m_ObjectHideFlags: 0
  m_CorrespondingSourceObject: {fileID: 0}
  m_PrefabInstance: {fileID: 0}
  m_PrefabAsset: {fileID: 0}
  serializedVersion: 6
  m_Component:
  - component: {fileID: 1226124894855107081}
  - component: {fileID: 8801512244801968206}
  m_Layer: 0
  m_Name: SM_Chr_SpaceSoldier_Male_LOD2
  m_TagString: Untagged
  m_Icon: {fileID: 0}
  m_NavMeshLayer: 0
  m_StaticEditorFlags: 0
  m_IsActive: 1
--- !u!4 &1226124894855107081
Transform:
  m_ObjectHideFlags: 0
  m_CorrespondingSourceObject: {fileID: 0}
  m_PrefabInstance: {fileID: 0}
  m_PrefabAsset: {fileID: 0}
  m_GameObject: {fileID: 4897726901938643322}
  m_LocalRotation: {x: 0.000000021855694, y: -0, z: -0, w: 1}
  m_LocalPosition: {x: -1.3528616, y: 0, z: 0.12868187}
  m_LocalScale: {x: 1, y: 1, z: 1}
  m_Children: []
  m_Father: {fileID: 4960351259532288}
  m_RootOrder: 2
  m_LocalEulerAnglesHint: {x: 0, y: 0, z: 0}
--- !u!137 &8801512244801968206
SkinnedMeshRenderer:
  m_ObjectHideFlags: 0
  m_CorrespondingSourceObject: {fileID: 0}
  m_PrefabInstance: {fileID: 0}
  m_PrefabAsset: {fileID: 0}
  m_GameObject: {fileID: 4897726901938643322}
  m_Enabled: 1
  m_CastShadows: 1
  m_ReceiveShadows: 1
  m_DynamicOccludee: 1
  m_MotionVectors: 1
  m_LightProbeUsage: 1
  m_ReflectionProbeUsage: 1
  m_RayTracingMode: 0
  m_RenderingLayerMask: 1
  m_RendererPriority: 0
  m_Materials:
  - {fileID: 2100000, guid: 4cee7a5983b187943adc589b9cb1f084, type: 2}
  m_StaticBatchInfo:
    firstSubMesh: 0
    subMeshCount: 0
  m_StaticBatchRoot: {fileID: 0}
  m_ProbeAnchor: {fileID: 0}
  m_LightProbeVolumeOverride: {fileID: 0}
  m_ScaleInLightmap: 1
  m_ReceiveGI: 1
  m_PreserveUVs: 0
  m_IgnoreNormalsForChartDetection: 0
  m_ImportantGI: 0
  m_StitchLightmapSeams: 1
  m_SelectedEditorRenderState: 3
  m_MinimumChartSize: 4
  m_AutoUVMaxDistance: 0.5
  m_AutoUVMaxAngle: 89
  m_LightmapParameters: {fileID: 0}
  m_SortingLayerID: 0
  m_SortingLayer: 0
  m_SortingOrder: 0
  serializedVersion: 2
  m_Quality: 0
  m_UpdateWhenOffscreen: 0
  m_SkinnedMotionVectors: 1
  m_Mesh: {fileID: -960817878940381012, guid: 1f9d3829fa6c10544ad0fd7023dee778, type: 3}
  m_Bones:
  - {fileID: 5480297292562623516}
  - {fileID: 2038988699274589426}
  - {fileID: 5235408371417136750}
  - {fileID: 7285540880297494846}
  - {fileID: 7340989366817844325}
  - {fileID: 2862709039275690466}
  - {fileID: 2233688721323486954}
  - {fileID: 4074802497728796384}
  - {fileID: 3948501683681129675}
  - {fileID: 2584363802234613246}
  - {fileID: 4277956788830219264}
  - {fileID: 7830148802143944517}
  - {fileID: 2914413506434168966}
  - {fileID: 8100387903642210553}
  - {fileID: 7401279226486306848}
  - {fileID: 4289518432090602462}
  - {fileID: 5826368378936720852}
  - {fileID: 4065813958005762911}
  - {fileID: 5067230836322830510}
  - {fileID: 2631893889755842890}
  - {fileID: 6793777996239409204}
  - {fileID: 3137935581371608124}
  - {fileID: 5574807737872362852}
  - {fileID: 7311269288644790633}
  - {fileID: 8829812165153281732}
  - {fileID: 4757842420060715659}
  - {fileID: 7458313106569720976}
  - {fileID: 1828013315373350767}
  - {fileID: 39369580593406293}
  - {fileID: 6665352027825730385}
  - {fileID: 7392703335401467642}
  - {fileID: 7011946922056820534}
  - {fileID: 1682662251471613741}
  - {fileID: 8584864937304810925}
  - {fileID: 3546848506311089003}
  - {fileID: 5650626956799918049}
  - {fileID: 6347756105236877331}
  - {fileID: 1540998136600775969}
  - {fileID: 5687771767007311751}
  m_BlendShapeWeights: []
  m_RootBone: {fileID: 2584363802234613246}
  m_AABB:
    m_Center: {x: 0.0858224, y: 0.0091272, z: -0.00000071525574}
    m_Extent: {x: 0.827359, y: 0.31961155, z: 0.99929225}
  m_DirtyAABB: 0
--- !u!1 &4967241180844879962
GameObject:
  m_ObjectHideFlags: 0
  m_CorrespondingSourceObject: {fileID: 0}
  m_PrefabInstance: {fileID: 0}
  m_PrefabAsset: {fileID: 0}
  serializedVersion: 6
  m_Component:
  - component: {fileID: 4074802497728796384}
  m_Layer: 0
  m_Name: UpperLeg_R
  m_TagString: Untagged
  m_Icon: {fileID: 0}
  m_NavMeshLayer: 0
  m_StaticEditorFlags: 0
  m_IsActive: 1
--- !u!4 &4074802497728796384
Transform:
  m_ObjectHideFlags: 0
  m_CorrespondingSourceObject: {fileID: 0}
  m_PrefabInstance: {fileID: 0}
  m_PrefabAsset: {fileID: 0}
  m_GameObject: {fileID: 4967241180844879962}
  m_LocalRotation: {x: 0.04177524, y: 0.70587176, z: -0.70418996, w: -0.064159356}
  m_LocalPosition: {x: 0.041157685, y: -0.026920699, z: -0.09896705}
  m_LocalScale: {x: 1, y: 1, z: 1}
  m_Children:
  - {fileID: 7340989366817844325}
  m_Father: {fileID: 2584363802234613246}
  m_RootOrder: 2
  m_LocalEulerAnglesHint: {x: 0, y: 0, z: 0}
--- !u!1 &5090331627944631018
GameObject:
  m_ObjectHideFlags: 0
  m_CorrespondingSourceObject: {fileID: 0}
  m_PrefabInstance: {fileID: 0}
  m_PrefabAsset: {fileID: 0}
  serializedVersion: 6
  m_Component:
  - component: {fileID: 5687771767007311751}
  m_Layer: 0
  m_Name: Thumb_03 1
  m_TagString: Untagged
  m_Icon: {fileID: 0}
  m_NavMeshLayer: 0
  m_StaticEditorFlags: 0
  m_IsActive: 1
--- !u!4 &5687771767007311751
Transform:
  m_ObjectHideFlags: 0
  m_CorrespondingSourceObject: {fileID: 0}
  m_PrefabInstance: {fileID: 0}
  m_PrefabAsset: {fileID: 0}
  m_GameObject: {fileID: 5090331627944631018}
  m_LocalRotation: {x: -0.036403254, y: -0.15203466, z: -0.22999536, w: 0.9605532}
  m_LocalPosition: {x: 0.056655005, y: 0, z: -0.00000020980835}
  m_LocalScale: {x: 1, y: 1, z: 1}
  m_Children: []
  m_Father: {fileID: 2631893889755842890}
  m_RootOrder: 0
  m_LocalEulerAnglesHint: {x: 0, y: 0, z: 0}
--- !u!1 &5300355858140790938
GameObject:
  m_ObjectHideFlags: 0
  m_CorrespondingSourceObject: {fileID: 0}
  m_PrefabInstance: {fileID: 0}
  m_PrefabAsset: {fileID: 0}
  serializedVersion: 6
  m_Component:
  - component: {fileID: 5235408371417136750}
  m_Layer: 0
  m_Name: Ball_L
  m_TagString: Untagged
  m_Icon: {fileID: 0}
  m_NavMeshLayer: 0
  m_StaticEditorFlags: 0
  m_IsActive: 1
--- !u!4 &5235408371417136750
Transform:
  m_ObjectHideFlags: 0
  m_CorrespondingSourceObject: {fileID: 0}
  m_PrefabInstance: {fileID: 0}
  m_PrefabAsset: {fileID: 0}
  m_GameObject: {fileID: 5300355858140790938}
  m_LocalRotation: {x: -0.0000070174324, y: -0.000025023592, z: -0.27001584, w: 0.96285594}
  m_LocalPosition: {x: 0.112840325, y: -0.000000007152557, z: 0}
  m_LocalScale: {x: 1, y: 1, z: 1}
  m_Children:
  - {fileID: 931312028369219430}
  m_Father: {fileID: 2038988699274589426}
  m_RootOrder: 0
  m_LocalEulerAnglesHint: {x: 0, y: 0, z: 0}
--- !u!1 &5310292154283109953
GameObject:
  m_ObjectHideFlags: 0
  m_CorrespondingSourceObject: {fileID: 0}
  m_PrefabInstance: {fileID: 0}
  m_PrefabAsset: {fileID: 0}
  serializedVersion: 6
  m_Component:
  - component: {fileID: 7458313106569720976}
  m_Layer: 0
  m_Name: Elbow_L
  m_TagString: Untagged
  m_Icon: {fileID: 0}
  m_NavMeshLayer: 0
  m_StaticEditorFlags: 0
  m_IsActive: 1
--- !u!4 &7458313106569720976
Transform:
  m_ObjectHideFlags: 0
  m_CorrespondingSourceObject: {fileID: 0}
  m_PrefabInstance: {fileID: 0}
  m_PrefabAsset: {fileID: 0}
  m_GameObject: {fileID: 5310292154283109953}
  m_LocalRotation: {x: 0.0016871735, y: 0.040749338, z: -0.04133384, w: 0.99831265}
  m_LocalPosition: {x: -0.33947417, y: -0.0014491272, z: -0.0014362668}
  m_LocalScale: {x: 1, y: 1, z: 1}
  m_Children:
  - {fileID: 8584864937304810925}
  m_Father: {fileID: 8100387903642210553}
  m_RootOrder: 0
  m_LocalEulerAnglesHint: {x: 0, y: 0, z: 0}
--- !u!1 &5347553027095750526
GameObject:
  m_ObjectHideFlags: 0
  m_CorrespondingSourceObject: {fileID: 0}
  m_PrefabInstance: {fileID: 0}
  m_PrefabAsset: {fileID: 0}
  serializedVersion: 6
  m_Component:
  - component: {fileID: 7311269288644790633}
  m_Layer: 0
  m_Name: IndexFinger_03 1
  m_TagString: Untagged
  m_Icon: {fileID: 0}
  m_NavMeshLayer: 0
  m_StaticEditorFlags: 0
  m_IsActive: 1
--- !u!4 &7311269288644790633
Transform:
  m_ObjectHideFlags: 0
  m_CorrespondingSourceObject: {fileID: 0}
  m_PrefabInstance: {fileID: 0}
  m_PrefabAsset: {fileID: 0}
  m_GameObject: {fileID: 5347553027095750526}
  m_LocalRotation: {x: -0.0069122924, y: -0.025717417, z: 0.057002254, w: 0.99801886}
  m_LocalPosition: {x: 0.037912138, y: 0.0000032043456, z: -0.000000038146972}
  m_LocalScale: {x: 1, y: 1, z: 1}
  m_Children:
  - {fileID: 6011371755704028102}
  m_Father: {fileID: 5574807737872362852}
  m_RootOrder: 0
  m_LocalEulerAnglesHint: {x: 0, y: 0, z: 0}
--- !u!1 &5526373524642744088
GameObject:
  m_ObjectHideFlags: 0
  m_CorrespondingSourceObject: {fileID: 0}
  m_PrefabInstance: {fileID: 0}
  m_PrefabAsset: {fileID: 0}
  serializedVersion: 6
  m_Component:
  - component: {fileID: 5826368378936720852}
  m_Layer: 0
  m_Name: Clavicle_R
  m_TagString: Untagged
  m_Icon: {fileID: 0}
  m_NavMeshLayer: 0
  m_StaticEditorFlags: 0
  m_IsActive: 1
--- !u!4 &5826368378936720852
Transform:
  m_ObjectHideFlags: 0
  m_CorrespondingSourceObject: {fileID: 0}
  m_PrefabInstance: {fileID: 0}
  m_PrefabAsset: {fileID: 0}
  m_GameObject: {fileID: 5526373524642744088}
  m_LocalRotation: {x: 0.6324857, y: 0.5785478, z: 0.37547114, w: -0.35251352}
  m_LocalPosition: {x: -0.058015134, y: -0.041914195, z: 0.07447151}
  m_LocalScale: {x: 1, y: 1, z: 1}
  m_Children:
  - {fileID: 7830148802143944517}
  m_Father: {fileID: 3948501683681129675}
  m_RootOrder: 1
  m_LocalEulerAnglesHint: {x: 0, y: 0, z: 0}
--- !u!1 &5556569695021567842
GameObject:
  m_ObjectHideFlags: 0
  m_CorrespondingSourceObject: {fileID: 0}
  m_PrefabInstance: {fileID: 0}
  m_PrefabAsset: {fileID: 0}
  serializedVersion: 6
  m_Component:
  - component: {fileID: 6793777996239409204}
  m_Layer: 0
  m_Name: Finger_02 1
  m_TagString: Untagged
  m_Icon: {fileID: 0}
  m_NavMeshLayer: 0
  m_StaticEditorFlags: 0
  m_IsActive: 1
--- !u!4 &6793777996239409204
Transform:
  m_ObjectHideFlags: 0
  m_CorrespondingSourceObject: {fileID: 0}
  m_PrefabInstance: {fileID: 0}
  m_PrefabAsset: {fileID: 0}
  m_GameObject: {fileID: 5556569695021567842}
  m_LocalRotation: {x: 0.0026372715, y: 0.019491924, z: 0.021269346, w: 0.99958026}
  m_LocalPosition: {x: 0.042488173, y: 0.00000045776366, z: -0.0000000023841857}
  m_LocalScale: {x: 1, y: 1, z: 1}
  m_Children:
  - {fileID: 3137935581371608124}
  m_Father: {fileID: 1682662251471613741}
  m_RootOrder: 0
  m_LocalEulerAnglesHint: {x: 0, y: 0, z: 0}
--- !u!1 &5717085076720506348
GameObject:
  m_ObjectHideFlags: 0
  m_CorrespondingSourceObject: {fileID: 0}
  m_PrefabInstance: {fileID: 0}
  m_PrefabAsset: {fileID: 0}
  serializedVersion: 6
  m_Component:
  - component: {fileID: 7011946922056820534}
  m_Layer: 0
  m_Name: Hand_R
  m_TagString: Untagged
  m_Icon: {fileID: 0}
  m_NavMeshLayer: 0
  m_StaticEditorFlags: 0
  m_IsActive: 1
--- !u!4 &7011946922056820534
Transform:
  m_ObjectHideFlags: 0
  m_CorrespondingSourceObject: {fileID: 0}
  m_PrefabInstance: {fileID: 0}
  m_PrefabAsset: {fileID: 0}
  m_GameObject: {fileID: 5717085076720506348}
  m_LocalRotation: {x: 2.552484e-16, y: -0.035830777, z: 7.119145e-15, w: 0.9993579}
  m_LocalPosition: {x: 0.27114502, y: 0, z: 0.0003813553}
  m_LocalScale: {x: 1, y: 1, z: 1}
  m_Children:
  - {fileID: 1682662251471613741}
  - {fileID: 5650626956799918049}
  - {fileID: 5067230836322830510}
  - {fileID: 3281083134798858324}
  - {fileID: 736044093055638077}
  m_Father: {fileID: 4065813958005762911}
  m_RootOrder: 0
  m_LocalEulerAnglesHint: {x: 0, y: 0, z: 0}
--- !u!1 &6084984065029426816
GameObject:
  m_ObjectHideFlags: 0
  m_CorrespondingSourceObject: {fileID: 0}
  m_PrefabInstance: {fileID: 0}
  m_PrefabAsset: {fileID: 0}
  serializedVersion: 6
  m_Component:
  - component: {fileID: 931312028369219430}
  m_Layer: 0
  m_Name: Toes_L
  m_TagString: Untagged
  m_Icon: {fileID: 0}
  m_NavMeshLayer: 0
  m_StaticEditorFlags: 0
  m_IsActive: 1
--- !u!4 &931312028369219430
Transform:
  m_ObjectHideFlags: 0
  m_CorrespondingSourceObject: {fileID: 0}
  m_PrefabInstance: {fileID: 0}
  m_PrefabAsset: {fileID: 0}
  m_GameObject: {fileID: 6084984065029426816}
  m_LocalRotation: {x: 6.4311e-13, y: -0.7071068, z: 6.4310997e-13, w: 0.7071068}
  m_LocalPosition: {x: 0.0729575, y: 5.9604643e-10, z: 0}
  m_LocalScale: {x: 1, y: 1, z: 1}
  m_Children: []
  m_Father: {fileID: 5235408371417136750}
  m_RootOrder: 0
  m_LocalEulerAnglesHint: {x: 0, y: 0, z: 0}
--- !u!1 &6095772343732969234
GameObject:
  m_ObjectHideFlags: 0
  m_CorrespondingSourceObject: {fileID: 0}
  m_PrefabInstance: {fileID: 0}
  m_PrefabAsset: {fileID: 0}
  serializedVersion: 6
  m_Component:
  - component: {fileID: 5574807737872362852}
  m_Layer: 0
  m_Name: IndexFinger_02 1
  m_TagString: Untagged
  m_Icon: {fileID: 0}
  m_NavMeshLayer: 0
  m_StaticEditorFlags: 0
  m_IsActive: 1
--- !u!4 &5574807737872362852
Transform:
  m_ObjectHideFlags: 0
  m_CorrespondingSourceObject: {fileID: 0}
  m_PrefabInstance: {fileID: 0}
  m_PrefabAsset: {fileID: 0}
  m_GameObject: {fileID: 6095772343732969234}
  m_LocalRotation: {x: -0.0011540665, y: -0.010741649, z: 0.09832992, w: 0.99509525}
  m_LocalPosition: {x: 0.040935744, y: 0.0000010681152, z: -0.000000038146972}
  m_LocalScale: {x: 1, y: 1, z: 1}
  m_Children:
  - {fileID: 7311269288644790633}
  m_Father: {fileID: 5650626956799918049}
  m_RootOrder: 0
  m_LocalEulerAnglesHint: {x: 0, y: 0, z: 0}
--- !u!1 &6332828638497154749
GameObject:
  m_ObjectHideFlags: 0
  m_CorrespondingSourceObject: {fileID: 0}
  m_PrefabInstance: {fileID: 0}
  m_PrefabAsset: {fileID: 0}
  serializedVersion: 6
  m_Component:
  - component: {fileID: 1682662251471613741}
  m_Layer: 0
  m_Name: Finger_01 1
  m_TagString: Untagged
  m_Icon: {fileID: 0}
  m_NavMeshLayer: 0
  m_StaticEditorFlags: 0
  m_IsActive: 1
--- !u!4 &1682662251471613741
Transform:
  m_ObjectHideFlags: 0
  m_CorrespondingSourceObject: {fileID: 0}
  m_PrefabInstance: {fileID: 0}
  m_PrefabAsset: {fileID: 0}
  m_GameObject: {fileID: 6332828638497154749}
  m_LocalRotation: {x: -0.0024863912, y: -0.043879747, z: 0.056519292, w: 0.9974337}
  m_LocalPosition: {x: 0.09982513, y: 0.0011599731, z: 0.032833397}
  m_LocalScale: {x: 1, y: 1, z: 1}
  m_Children:
  - {fileID: 6793777996239409204}
  m_Father: {fileID: 7011946922056820534}
  m_RootOrder: 0
  m_LocalEulerAnglesHint: {x: 0, y: 0, z: 0}
--- !u!1 &6826480754409576093
GameObject:
  m_ObjectHideFlags: 0
  m_CorrespondingSourceObject: {fileID: 0}
  m_PrefabInstance: {fileID: 0}
  m_PrefabAsset: {fileID: 0}
  serializedVersion: 6
  m_Component:
  - component: {fileID: 8100387903642210553}
  m_Layer: 0
  m_Name: Shoulder_L
  m_TagString: Untagged
  m_Icon: {fileID: 0}
  m_NavMeshLayer: 0
  m_StaticEditorFlags: 0
  m_IsActive: 1
--- !u!4 &8100387903642210553
Transform:
  m_ObjectHideFlags: 0
  m_CorrespondingSourceObject: {fileID: 0}
  m_PrefabInstance: {fileID: 0}
  m_PrefabAsset: {fileID: 0}
  m_GameObject: {fileID: 6826480754409576093}
  m_LocalRotation: {x: 0.011328097, y: 0.23686002, z: 0.033806607, w: 0.97088933}
  m_LocalPosition: {x: -0.13197875, y: -0.00000030517577, z: -0.0000000047683715}
  m_LocalScale: {x: 1, y: 1, z: 1}
  m_Children:
  - {fileID: 7458313106569720976}
  m_Father: {fileID: 4289518432090602462}
  m_RootOrder: 0
  m_LocalEulerAnglesHint: {x: 0, y: 0, z: 0}
--- !u!1 &6885823095928036451
GameObject:
  m_ObjectHideFlags: 0
  m_CorrespondingSourceObject: {fileID: 0}
  m_PrefabInstance: {fileID: 0}
  m_PrefabAsset: {fileID: 0}
  serializedVersion: 6
  m_Component:
  - component: {fileID: 1713959032133346087}
  - component: {fileID: 6623076972894274}
  - component: {fileID: 1799197221807110196}
  m_Layer: 0
  m_Name: SM_Chr_Attach_SpaceSoldier_Male_Helmet_LOD0
  m_TagString: Untagged
  m_Icon: {fileID: 0}
  m_NavMeshLayer: 0
  m_StaticEditorFlags: 0
  m_IsActive: 1
--- !u!4 &1713959032133346087
Transform:
  m_ObjectHideFlags: 0
  m_CorrespondingSourceObject: {fileID: 0}
  m_PrefabInstance: {fileID: 0}
  m_PrefabAsset: {fileID: 0}
  m_GameObject: {fileID: 6885823095928036451}
  m_LocalRotation: {x: 0.00000013411042, y: 0.000017404553, z: 0.0000028759234, w: 1}
  m_LocalPosition: {x: 0, y: 0, z: 0}
  m_LocalScale: {x: 1, y: 1, z: 1}
  m_Children: []
  m_Father: {fileID: 704296580589646754}
  m_RootOrder: 2
  m_LocalEulerAnglesHint: {x: 0, y: 0, z: 0}
--- !u!33 &6623076972894274
MeshFilter:
  m_ObjectHideFlags: 0
  m_CorrespondingSourceObject: {fileID: 0}
  m_PrefabInstance: {fileID: 0}
  m_PrefabAsset: {fileID: 0}
  m_GameObject: {fileID: 6885823095928036451}
  m_Mesh: {fileID: -2515286851378019557, guid: 1f9d3829fa6c10544ad0fd7023dee778, type: 3}
--- !u!23 &1799197221807110196
MeshRenderer:
  m_ObjectHideFlags: 0
  m_CorrespondingSourceObject: {fileID: 0}
  m_PrefabInstance: {fileID: 0}
  m_PrefabAsset: {fileID: 0}
  m_GameObject: {fileID: 6885823095928036451}
  m_Enabled: 1
  m_CastShadows: 1
  m_ReceiveShadows: 1
  m_DynamicOccludee: 1
  m_MotionVectors: 1
  m_LightProbeUsage: 1
  m_ReflectionProbeUsage: 1
  m_RayTracingMode: 2
  m_RenderingLayerMask: 1
  m_RendererPriority: 0
  m_Materials:
  - {fileID: 2100000, guid: 4cee7a5983b187943adc589b9cb1f084, type: 2}
  m_StaticBatchInfo:
    firstSubMesh: 0
    subMeshCount: 0
  m_StaticBatchRoot: {fileID: 0}
  m_ProbeAnchor: {fileID: 0}
  m_LightProbeVolumeOverride: {fileID: 0}
  m_ScaleInLightmap: 1
  m_ReceiveGI: 1
  m_PreserveUVs: 0
  m_IgnoreNormalsForChartDetection: 0
  m_ImportantGI: 0
  m_StitchLightmapSeams: 1
  m_SelectedEditorRenderState: 3
  m_MinimumChartSize: 4
  m_AutoUVMaxDistance: 0.5
  m_AutoUVMaxAngle: 89
  m_LightmapParameters: {fileID: 0}
  m_SortingLayerID: 0
  m_SortingLayer: 0
  m_SortingOrder: 0
--- !u!1 &7138038020986557992
GameObject:
  m_ObjectHideFlags: 0
  m_CorrespondingSourceObject: {fileID: 0}
  m_PrefabInstance: {fileID: 0}
  m_PrefabAsset: {fileID: 0}
  serializedVersion: 6
  m_Component:
  - component: {fileID: 704296580589646754}
  m_Layer: 0
  m_Name: Head
  m_TagString: Untagged
  m_Icon: {fileID: 0}
  m_NavMeshLayer: 0
  m_StaticEditorFlags: 0
  m_IsActive: 1
--- !u!4 &704296580589646754
Transform:
  m_ObjectHideFlags: 0
  m_CorrespondingSourceObject: {fileID: 0}
  m_PrefabInstance: {fileID: 0}
  m_PrefabAsset: {fileID: 0}
  m_GameObject: {fileID: 7138038020986557992}
  m_LocalRotation: {x: 0.458571, y: -0.5382497, z: 0.458571, w: 0.53824973}
  m_LocalPosition: {x: -0.12164428, y: -0.000000019073486, z: 5.820766e-13}
  m_LocalScale: {x: 1, y: 1, z: 1}
  m_Children:
  - {fileID: 4776490478027732800}
  - {fileID: 6760293855828628860}
  - {fileID: 1713959032133346087}
  - {fileID: 4919236495483128867}
  m_Father: {fileID: 7401279226486306848}
  m_RootOrder: 0
  m_LocalEulerAnglesHint: {x: 0, y: 0, z: 0}
--- !u!1 &7454396319848159038
GameObject:
  m_ObjectHideFlags: 0
  m_CorrespondingSourceObject: {fileID: 0}
  m_PrefabInstance: {fileID: 0}
  m_PrefabAsset: {fileID: 0}
  serializedVersion: 6
  m_Component:
  - component: {fileID: 7285540880297494846}
  m_Layer: 0
  m_Name: UpperLeg_L
  m_TagString: Untagged
  m_Icon: {fileID: 0}
  m_NavMeshLayer: 0
  m_StaticEditorFlags: 0
  m_IsActive: 1
--- !u!4 &7285540880297494846
Transform:
  m_ObjectHideFlags: 0
  m_CorrespondingSourceObject: {fileID: 0}
  m_PrefabInstance: {fileID: 0}
  m_PrefabAsset: {fileID: 0}
  m_GameObject: {fileID: 7454396319848159038}
  m_LocalRotation: {x: -0.70587176, y: 0.04177524, z: -0.06415933, w: 0.70418996}
  m_LocalPosition: {x: 0.041157834, y: -0.026920756, z: 0.098967105}
  m_LocalScale: {x: 1, y: 1, z: 1}
  m_Children:
  - {fileID: 5480297292562623516}
  m_Father: {fileID: 2584363802234613246}
  m_RootOrder: 1
  m_LocalEulerAnglesHint: {x: 0, y: 0, z: 0}
--- !u!1 &7663163667387341165
GameObject:
  m_ObjectHideFlags: 0
  m_CorrespondingSourceObject: {fileID: 0}
  m_PrefabInstance: {fileID: 0}
  m_PrefabAsset: {fileID: 0}
  serializedVersion: 6
  m_Component:
  - component: {fileID: 8584864937304810925}
  m_Layer: 0
  m_Name: Hand_L
  m_TagString: Untagged
  m_Icon: {fileID: 0}
  m_NavMeshLayer: 0
  m_StaticEditorFlags: 0
  m_IsActive: 1
--- !u!4 &8584864937304810925
Transform:
  m_ObjectHideFlags: 0
  m_CorrespondingSourceObject: {fileID: 0}
  m_PrefabInstance: {fileID: 0}
  m_PrefabAsset: {fileID: 0}
  m_GameObject: {fileID: 7663163667387341165}
  m_LocalRotation: {x: -6.498763e-13, y: -0.03583076, z: 7.2573315e-12, w: 0.9993579}
  m_LocalPosition: {x: -0.27114516, y: 0, z: -0.00038134574}
  m_LocalScale: {x: 1, y: 1, z: 1}
  m_Children:
  - {fileID: 3546848506311089003}
  - {fileID: 6347756105236877331}
  - {fileID: 8829812165153281732}
  m_Father: {fileID: 7458313106569720976}
  m_RootOrder: 0
  m_LocalEulerAnglesHint: {x: 0, y: 0, z: 0}
--- !u!1 &7956614459383570558
GameObject:
  m_ObjectHideFlags: 0
  m_CorrespondingSourceObject: {fileID: 0}
  m_PrefabInstance: {fileID: 0}
  m_PrefabAsset: {fileID: 0}
  serializedVersion: 6
  m_Component:
  - component: {fileID: 5021672484093653558}
  m_Layer: 0
  m_Name: IndexFinger_04
  m_TagString: Untagged
  m_Icon: {fileID: 0}
  m_NavMeshLayer: 0
  m_StaticEditorFlags: 0
  m_IsActive: 1
--- !u!4 &5021672484093653558
Transform:
  m_ObjectHideFlags: 0
  m_CorrespondingSourceObject: {fileID: 0}
  m_PrefabInstance: {fileID: 0}
  m_PrefabAsset: {fileID: 0}
  m_GameObject: {fileID: 7956614459383570558}
  m_LocalRotation: {x: -0.004519646, y: -0.028039925, z: -0.15906802, w: 0.986859}
  m_LocalPosition: {x: -0.037797812, y: 0, z: 0}
  m_LocalScale: {x: 1, y: 1, z: 1}
  m_Children: []
  m_Father: {fileID: 7392703335401467642}
  m_RootOrder: 0
  m_LocalEulerAnglesHint: {x: 0, y: 0, z: 0}
--- !u!1 &8345499762105705553
GameObject:
  m_ObjectHideFlags: 0
  m_CorrespondingSourceObject: {fileID: 0}
  m_PrefabInstance: {fileID: 0}
  m_PrefabAsset: {fileID: 0}
  serializedVersion: 6
  m_Component:
  - component: {fileID: 7340989366817844325}
  m_Layer: 0
  m_Name: LowerLeg_R
  m_TagString: Untagged
  m_Icon: {fileID: 0}
  m_NavMeshLayer: 0
  m_StaticEditorFlags: 0
  m_IsActive: 1
--- !u!4 &7340989366817844325
Transform:
  m_ObjectHideFlags: 0
  m_CorrespondingSourceObject: {fileID: 0}
  m_PrefabInstance: {fileID: 0}
  m_PrefabAsset: {fileID: 0}
  m_GameObject: {fileID: 8345499762105705553}
  m_LocalRotation: {x: 0.64437777, y: 0.024462685, z: -0.0047377837, w: 0.7643013}
  m_LocalPosition: {x: -0.39930904, y: 0, z: -0.0000000047683715}
  m_LocalScale: {x: 1, y: 1, z: 1}
  m_Children:
  - {fileID: 2862709039275690466}
  m_Father: {fileID: 4074802497728796384}
  m_RootOrder: 0
  m_LocalEulerAnglesHint: {x: 0, y: 0, z: 0}
--- !u!1 &8406564186303547452
GameObject:
  m_ObjectHideFlags: 0
  m_CorrespondingSourceObject: {fileID: 0}
  m_PrefabInstance: {fileID: 0}
  m_PrefabAsset: {fileID: 0}
  serializedVersion: 6
  m_Component:
  - component: {fileID: 2233688721323486954}
  m_Layer: 0
  m_Name: Ball_R
  m_TagString: Untagged
  m_Icon: {fileID: 0}
  m_NavMeshLayer: 0
  m_StaticEditorFlags: 0
  m_IsActive: 1
--- !u!4 &2233688721323486954
Transform:
  m_ObjectHideFlags: 0
  m_CorrespondingSourceObject: {fileID: 0}
  m_PrefabInstance: {fileID: 0}
  m_PrefabAsset: {fileID: 0}
  m_GameObject: {fileID: 8406564186303547452}
  m_LocalRotation: {x: 0.00002066397, y: 0.00007368992, z: -0.27000296, w: 0.9628595}
  m_LocalPosition: {x: -0.112840354, y: 0, z: 0}
  m_LocalScale: {x: 1, y: 1, z: 1}
  m_Children:
  - {fileID: 4494504741133792800}
  m_Father: {fileID: 2862709039275690466}
  m_RootOrder: 0
  m_LocalEulerAnglesHint: {x: 0, y: 0, z: 0}
--- !u!1 &8532777043707638609
GameObject:
  m_ObjectHideFlags: 0
  m_CorrespondingSourceObject: {fileID: 0}
  m_PrefabInstance: {fileID: 0}
  m_PrefabAsset: {fileID: 0}
  serializedVersion: 6
  m_Component:
  - component: {fileID: 2584363802234613246}
  m_Layer: 0
  m_Name: Hips
  m_TagString: Untagged
  m_Icon: {fileID: 0}
  m_NavMeshLayer: 0
  m_StaticEditorFlags: 0
  m_IsActive: 1
--- !u!4 &2584363802234613246
Transform:
  m_ObjectHideFlags: 0
  m_CorrespondingSourceObject: {fileID: 0}
  m_PrefabInstance: {fileID: 0}
  m_PrefabAsset: {fileID: 0}
  m_GameObject: {fileID: 8532777043707638609}
  m_LocalRotation: {x: 0.46113667, y: -0.5360531, z: -0.46113667, w: 0.5360532}
  m_LocalPosition: {x: -0, y: 0.8762761, z: 0}
  m_LocalScale: {x: 1, y: 1, z: 1}
  m_Children:
  - {fileID: 4277956788830219264}
  - {fileID: 7285540880297494846}
  - {fileID: 4074802497728796384}
  m_Father: {fileID: 3807049650206893740}
  m_RootOrder: 0
  m_LocalEulerAnglesHint: {x: 0, y: 0, z: 0}
--- !u!1 &8580875486292519724
GameObject:
  m_ObjectHideFlags: 0
  m_CorrespondingSourceObject: {fileID: 0}
  m_PrefabInstance: {fileID: 0}
  m_PrefabAsset: {fileID: 0}
  serializedVersion: 6
  m_Component:
  - component: {fileID: 736044093055638077}
  - component: {fileID: 3311275958286997161}
  - component: {fileID: 1393362886586634892}
  m_Layer: 0
  m_Name: WeaponLineRenderer
  m_TagString: Untagged
  m_Icon: {fileID: 0}
  m_NavMeshLayer: 0
  m_StaticEditorFlags: 0
  m_IsActive: 1
--- !u!4 &736044093055638077
Transform:
  m_ObjectHideFlags: 0
  m_CorrespondingSourceObject: {fileID: 0}
  m_PrefabInstance: {fileID: 0}
  m_PrefabAsset: {fileID: 0}
  m_GameObject: {fileID: 8580875486292519724}
  m_LocalRotation: {x: -0.43746322, y: 0.5407017, z: 0.5153308, w: 0.5007013}
  m_LocalPosition: {x: 0, y: 0, z: 0}
  m_LocalScale: {x: 1.42129, y: 1.3094802, z: 1.1815901}
  m_Children: []
  m_Father: {fileID: 7011946922056820534}
  m_RootOrder: 4
  m_LocalEulerAnglesHint: {x: 0, y: 0, z: 0}
--- !u!120 &3311275958286997161
LineRenderer:
  m_ObjectHideFlags: 0
  m_CorrespondingSourceObject: {fileID: 0}
  m_PrefabInstance: {fileID: 0}
  m_PrefabAsset: {fileID: 0}
  m_GameObject: {fileID: 8580875486292519724}
  m_Enabled: 0
  m_CastShadows: 0
  m_ReceiveShadows: 0
  m_DynamicOccludee: 1
  m_MotionVectors: 0
  m_LightProbeUsage: 0
  m_ReflectionProbeUsage: 0
  m_RayTracingMode: 0
  m_RenderingLayerMask: 1
  m_RendererPriority: 0
  m_Materials:
  - {fileID: 2100000, guid: 968d0417e5bdad646a579b9ef2a90d5a, type: 2}
  m_StaticBatchInfo:
    firstSubMesh: 0
    subMeshCount: 0
  m_StaticBatchRoot: {fileID: 0}
  m_ProbeAnchor: {fileID: 0}
  m_LightProbeVolumeOverride: {fileID: 0}
  m_ScaleInLightmap: 1
  m_ReceiveGI: 1
  m_PreserveUVs: 0
  m_IgnoreNormalsForChartDetection: 0
  m_ImportantGI: 0
  m_StitchLightmapSeams: 1
  m_SelectedEditorRenderState: 3
  m_MinimumChartSize: 4
  m_AutoUVMaxDistance: 0.5
  m_AutoUVMaxAngle: 89
  m_LightmapParameters: {fileID: 0}
  m_SortingLayerID: 0
  m_SortingLayer: 0
  m_SortingOrder: 0
  m_Positions:
  - {x: 0, y: 0, z: 0}
  - {x: 10, y: 0, z: 1}
  m_Parameters:
    serializedVersion: 3
    widthMultiplier: 1
    widthCurve:
      serializedVersion: 2
      m_Curve:
      - serializedVersion: 3
        time: 0
        value: 1
        inSlope: 0
        outSlope: 0
        tangentMode: 0
        weightedMode: 0
        inWeight: 0.33333334
        outWeight: 0.33333334
      m_PreInfinity: 2
      m_PostInfinity: 2
      m_RotationOrder: 4
    colorGradient:
      serializedVersion: 2
      key0: {r: 1, g: 1, b: 1, a: 1}
      key1: {r: 1, g: 1, b: 1, a: 1}
      key2: {r: 0, g: 0, b: 0, a: 0}
      key3: {r: 0, g: 0, b: 0, a: 0}
      key4: {r: 0, g: 0, b: 0, a: 0}
      key5: {r: 0, g: 0, b: 0, a: 0}
      key6: {r: 0, g: 0, b: 0, a: 0}
      key7: {r: 0, g: 0, b: 0, a: 0}
      ctime0: 0
      ctime1: 65535
      ctime2: 0
      ctime3: 0
      ctime4: 0
      ctime5: 0
      ctime6: 0
      ctime7: 0
      atime0: 0
      atime1: 65535
      atime2: 0
      atime3: 0
      atime4: 0
      atime5: 0
      atime6: 0
      atime7: 0
      m_Mode: 0
      m_NumColorKeys: 2
      m_NumAlphaKeys: 2
    numCornerVertices: 0
    numCapVertices: 0
    alignment: 0
    textureMode: 0
    shadowBias: 0.5
    generateLightingData: 0
  m_UseWorldSpace: 1
  m_Loop: 0
--- !u!95 &1393362886586634892
Animator:
  serializedVersion: 3
  m_ObjectHideFlags: 0
  m_CorrespondingSourceObject: {fileID: 0}
  m_PrefabInstance: {fileID: 0}
  m_PrefabAsset: {fileID: 0}
  m_GameObject: {fileID: 8580875486292519724}
  m_Enabled: 1
  m_Avatar: {fileID: 0}
  m_Controller: {fileID: 9100000, guid: 712d5b4822e6cae4e8b0f0b247c96d33, type: 2}
  m_CullingMode: 0
  m_UpdateMode: 0
  m_ApplyRootMotion: 0
  m_LinearVelocityBlending: 0
  m_WarningMessage: 
  m_HasTransformHierarchy: 1
  m_AllowConstantClipSamplingOptimization: 1
  m_KeepAnimatorControllerStateOnDisable: 0
--- !u!1 &8640719191300501149
GameObject:
  m_ObjectHideFlags: 0
  m_CorrespondingSourceObject: {fileID: 0}
  m_PrefabInstance: {fileID: 0}
  m_PrefabAsset: {fileID: 0}
  serializedVersion: 6
  m_Component:
  - component: {fileID: 2631893889755842890}
  m_Layer: 0
  m_Name: Thumb_02 1
  m_TagString: Untagged
  m_Icon: {fileID: 0}
  m_NavMeshLayer: 0
  m_StaticEditorFlags: 0
  m_IsActive: 1
--- !u!4 &2631893889755842890
Transform:
  m_ObjectHideFlags: 0
  m_CorrespondingSourceObject: {fileID: 0}
  m_PrefabInstance: {fileID: 0}
  m_PrefabAsset: {fileID: 0}
  m_GameObject: {fileID: 8640719191300501149}
  m_LocalRotation: {x: -0.039941955, y: -0.1178403, z: 0.14163579, w: 0.98206806}
  m_LocalPosition: {x: 0.06370147, y: -0.000007781982, z: 0.00000045776366}
  m_LocalScale: {x: 1, y: 1, z: 1}
  m_Children:
  - {fileID: 5687771767007311751}
  m_Father: {fileID: 5067230836322830510}
  m_RootOrder: 0
  m_LocalEulerAnglesHint: {x: 0, y: 0, z: 0}
--- !u!1 &8663377147356753378
GameObject:
  m_ObjectHideFlags: 0
  m_CorrespondingSourceObject: {fileID: 0}
  m_PrefabInstance: {fileID: 0}
  m_PrefabAsset: {fileID: 0}
  serializedVersion: 6
  m_Component:
  - component: {fileID: 1828013315373350767}
  m_Layer: 0
  m_Name: Finger_02
  m_TagString: Untagged
  m_Icon: {fileID: 0}
  m_NavMeshLayer: 0
  m_StaticEditorFlags: 0
  m_IsActive: 1
--- !u!4 &1828013315373350767
Transform:
  m_ObjectHideFlags: 0
  m_CorrespondingSourceObject: {fileID: 0}
  m_PrefabInstance: {fileID: 0}
  m_PrefabAsset: {fileID: 0}
  m_GameObject: {fileID: 8663377147356753378}
  m_LocalRotation: {x: 0.0026372748, y: 0.019491926, z: 0.021269348, w: 0.99958026}
  m_LocalPosition: {x: -0.0424881, y: 0.00000030517577, z: -0.000000005960464}
  m_LocalScale: {x: 1, y: 1, z: 1}
  m_Children:
  - {fileID: 39369580593406293}
  m_Father: {fileID: 3546848506311089003}
  m_RootOrder: 0
  m_LocalEulerAnglesHint: {x: 0, y: 0, z: 0}
--- !u!1 &8678001169466709575
GameObject:
  m_ObjectHideFlags: 0
  m_CorrespondingSourceObject: {fileID: 0}
  m_PrefabInstance: {fileID: 0}
  m_PrefabAsset: {fileID: 0}
  serializedVersion: 6
  m_Component:
  - component: {fileID: 39369580593406293}
  m_Layer: 0
  m_Name: Finger_03
  m_TagString: Untagged
  m_Icon: {fileID: 0}
  m_NavMeshLayer: 0
  m_StaticEditorFlags: 0
  m_IsActive: 1
--- !u!4 &39369580593406293
Transform:
  m_ObjectHideFlags: 0
  m_CorrespondingSourceObject: {fileID: 0}
  m_PrefabInstance: {fileID: 0}
  m_PrefabAsset: {fileID: 0}
  m_GameObject: {fileID: 8678001169466709575}
  m_LocalRotation: {x: -0.018149244, y: -0.071478955, z: 0.09251091, w: 0.9929769}
  m_LocalPosition: {x: -0.035133284, y: 0, z: -0.000000011920928}
  m_LocalScale: {x: 1, y: 1, z: 1}
  m_Children:
  - {fileID: 1411893017730512215}
  m_Father: {fileID: 1828013315373350767}
  m_RootOrder: 0
  m_LocalEulerAnglesHint: {x: 0, y: 0, z: 0}
--- !u!1 &8870183484164849179
GameObject:
  m_ObjectHideFlags: 0
  m_CorrespondingSourceObject: {fileID: 0}
  m_PrefabInstance: {fileID: 0}
  m_PrefabAsset: {fileID: 0}
  serializedVersion: 6
  m_Component:
  - component: {fileID: 5480297292562623516}
  m_Layer: 0
  m_Name: LowerLeg_L
  m_TagString: Untagged
  m_Icon: {fileID: 0}
  m_NavMeshLayer: 0
  m_StaticEditorFlags: 0
  m_IsActive: 1
--- !u!4 &5480297292562623516
Transform:
  m_ObjectHideFlags: 0
  m_CorrespondingSourceObject: {fileID: 0}
  m_PrefabInstance: {fileID: 0}
  m_PrefabAsset: {fileID: 0}
  m_GameObject: {fileID: 8870183484164849179}
  m_LocalRotation: {x: 0.64437777, y: 0.024462687, z: -0.004737783, w: 0.7643013}
  m_LocalPosition: {x: 0.3993092, y: -0.00000036239624, z: 0}
  m_LocalScale: {x: 1, y: 1, z: 1}
  m_Children:
  - {fileID: 2038988699274589426}
  m_Father: {fileID: 7285540880297494846}
  m_RootOrder: 0
  m_LocalEulerAnglesHint: {x: 0, y: 0, z: 0}
--- !u!1 &9136705098780425950
GameObject:
  m_ObjectHideFlags: 0
  m_CorrespondingSourceObject: {fileID: 0}
  m_PrefabInstance: {fileID: 0}
  m_PrefabAsset: {fileID: 0}
  serializedVersion: 6
  m_Component:
  - component: {fileID: 4065813958005762911}
  m_Layer: 0
  m_Name: Elbow_R
  m_TagString: Untagged
  m_Icon: {fileID: 0}
  m_NavMeshLayer: 0
  m_StaticEditorFlags: 0
  m_IsActive: 1
--- !u!4 &4065813958005762911
Transform:
  m_ObjectHideFlags: 0
  m_CorrespondingSourceObject: {fileID: 0}
  m_PrefabInstance: {fileID: 0}
  m_PrefabAsset: {fileID: 0}
  m_GameObject: {fileID: 9136705098780425950}
  m_LocalRotation: {x: 0.0016838278, y: 0.040749475, z: -0.04125188, w: 0.99831605}
  m_LocalPosition: {x: 0.3394746, y: 0.0014476012, z: 0.0014362716}
  m_LocalScale: {x: 1, y: 1, z: 1}
  m_Children:
  - {fileID: 7011946922056820534}
  m_Father: {fileID: 7830148802143944517}
  m_RootOrder: 0
  m_LocalEulerAnglesHint: {x: 0, y: 0, z: 0}
--- !u!1001 &3280607829485770052
PrefabInstance:
  m_ObjectHideFlags: 0
  serializedVersion: 2
  m_Modification:
    m_TransformParent: {fileID: 7011946922056820534}
    m_Modifications:
    - target: {fileID: 1087233085573688, guid: 070737ca19fedf044b465dbbcd97d924, type: 3}
      propertyPath: m_Name
      value: SM_Wep_Rifle_01
      objectReference: {fileID: 0}
    - target: {fileID: 4416509164870928, guid: 070737ca19fedf044b465dbbcd97d924, type: 3}
      propertyPath: m_LocalPosition.x
      value: 0.35
      objectReference: {fileID: 0}
    - target: {fileID: 4416509164870928, guid: 070737ca19fedf044b465dbbcd97d924, type: 3}
      propertyPath: m_LocalPosition.y
      value: -0.095415756
      objectReference: {fileID: 0}
    - target: {fileID: 4416509164870928, guid: 070737ca19fedf044b465dbbcd97d924, type: 3}
      propertyPath: m_LocalPosition.z
      value: 0.044078168
      objectReference: {fileID: 0}
    - target: {fileID: 4416509164870928, guid: 070737ca19fedf044b465dbbcd97d924, type: 3}
      propertyPath: m_LocalRotation.x
      value: -0.4639038
      objectReference: {fileID: 0}
    - target: {fileID: 4416509164870928, guid: 070737ca19fedf044b465dbbcd97d924, type: 3}
      propertyPath: m_LocalRotation.y
      value: 0.58621806
      objectReference: {fileID: 0}
    - target: {fileID: 4416509164870928, guid: 070737ca19fedf044b465dbbcd97d924, type: 3}
      propertyPath: m_LocalRotation.z
      value: -0.5336603
      objectReference: {fileID: 0}
    - target: {fileID: 4416509164870928, guid: 070737ca19fedf044b465dbbcd97d924, type: 3}
      propertyPath: m_LocalRotation.w
      value: 0.39540914
      objectReference: {fileID: 0}
    - target: {fileID: 4416509164870928, guid: 070737ca19fedf044b465dbbcd97d924, type: 3}
      propertyPath: m_RootOrder
      value: 3
      objectReference: {fileID: 0}
    - target: {fileID: 4416509164870928, guid: 070737ca19fedf044b465dbbcd97d924, type: 3}
      propertyPath: m_LocalEulerAnglesHint.x
      value: 15
      objectReference: {fileID: 0}
    - target: {fileID: 4416509164870928, guid: 070737ca19fedf044b465dbbcd97d924, type: 3}
      propertyPath: m_LocalEulerAnglesHint.y
      value: 97
      objectReference: {fileID: 0}
    - target: {fileID: 4416509164870928, guid: 070737ca19fedf044b465dbbcd97d924, type: 3}
      propertyPath: m_LocalEulerAnglesHint.z
      value: -90
      objectReference: {fileID: 0}
    m_RemovedComponents: []
  m_SourcePrefab: {fileID: 100100000, guid: 070737ca19fedf044b465dbbcd97d924, type: 3}
--- !u!4 &3281083134798858324 stripped
Transform:
  m_CorrespondingSourceObject: {fileID: 4416509164870928, guid: 070737ca19fedf044b465dbbcd97d924,
    type: 3}
  m_PrefabInstance: {fileID: 3280607829485770052}
  m_PrefabAsset: {fileID: 0}
